4010 6242
456 284 562 340 Ιὶδ

1511 270 1600 325 ns
1641 268 1815 325 vms
1855 264 2136 323 rusum
2178 263 2382 320 LIBER
2423 225 2697 318 ennius.

3633 254 3743 309 524

460 422 549 462 me
582 414 834 474 tanquam
876 396 1193 455 fidissimum
1236 392 1487 449 famulum
1535 390 1631 447 tibi
1672 388 2043 445 administrum
2074 388 2120 444 Δ
2150 384 2366 451 dixerit,
2400 400 2486 440 me
2516 384 2770 440 videlicet
2791 383 2936 438 inani
2963 397 3061 439 suo
3084 381 3371 439 verborum
3394 381 3662 437 lenocinio
3686 383 3748 436 in

461 513 581 567 esse
613 495 794 567 jussit.
838 491 1004 564 290
1031 487 1180 543 Nunc
1215 496 1394 541 autem
1433 493 1674 540 exterum
1706 482 1845 535 hunc
1874 482 2043 535 virum

461 566 656 646 crebro
686 596 859 641 tecum
888 581 1119 651 colloqui
1146 579 1352 642 videns,
1386 574 1516 632 illud
1555 589 1742 630 vereor
1791 588 1859 627 ne
1893 570 2047 639 Chri-

463 683 652 738 stiana:
677 677 966 746 religionis,
999 688 1156 742 quam
1192 680 1340 739 pater
1367 678 1490 723 tuus
1522 667 1723 739 ingenti
1756 664 1880 719 odio
1904 662 2048 717 inse-

466 783 663 836 ctatur,
691 770 864 825 cultor
906 768 1010 827 sit;
1037 766 1219 832 sicque
1259 775 1357 829 ego
1383 759 1595 828 capitali
1638 755 1919 811 sententia;
1955 753 2049 806 ob-

469 864 661 919 noxius
692 860 950 929 reperiar.
986 854 1219 911 Proinde
1247 853 1326 907 vel
1358 851 1425 904 de
1447 865 1512 904 eo
1533 858 1739 918 patrem
1764 848 2051 901 certiorem

472 954 578 1020 fac,
613 953 695 1007 vel
727 950 946 1021 posthac
976 962 1095 1001 eum
1136 960 1202 999 co
1231 942 1461 1011 colloqui
1511 940 1729 1004 desine;
1763 938 1846 991 vel
1882 944 2051 1004 certe,

476 1061 546 1101 ne
576 1046 631 1099 in
669 1039 1145 1111 reprehensionem
1178 1036 1467 1098 incurram,
1500 1045 1528 1082 a
1560 1030 1696 1084 facie
1726 1039 1815 1083 tua
1850 1044 1935 1082 me
1959 1027 2054 1081 ab-

472 1138 614 1206 lega,
658 1147 819 1205 atque
861 1133 1024 1186 alium
1055 1129 1147 1199 qui
1190 1126 1318 1182 mihi
1362 1124 1683 1192 subrogetur
1719 1136 1749 1176 a
1786 1131 1936 1192 patre
1966 1128 2059 1175 tuo

475 1228 706 1301 postula.

548 1318 707 1387 Regis
745 1323 920 1369 autem
958 1311 1098 1367 ﬁlius
1139 1309 1203 1365 ad
1239 1323 1360 1363 eum
1391 1305 1561 1360 dixit:
1594 1304 1706 1359 Hoc
1743 1303 1997 1373 primum,
2027 1316 2060 1356 ο

475 1409 706 1474 Zardan,
739 1405 1015 1460 faciamus.
1053 1402 1176 1457 Velo
1201 1399 1429 1468 quodam
1451 1396 1717 1452 obductus
1739 1408 1841 1461 sta,
1866 1393 2062 1461 ipsius-

475 1518 578 1571 que
604 1501 669 1555 ad
696 1514 779 1553 me
811 1508 1086 1552 sermones
1114 1491 1259 1557 audi,
1290 1501 1449 1560 atque
1474 1490 1547 1544 ita
1572 1487 1825 1558 quidnam
1854 1486 1947 1540 tibi
1980 1484 2062 1539 fa-

475 1594 723 1649 ciendum
749 1591 818 1643 sit
846 1601 1129 1656 exponam.

544 1680 680 1737 Cum
731 1678 890 1748 igitur
922 1676 1162 1731 Barlaam
1206 1670 1274 1726 ad
1320 1673 1493 1740 ipsum
1535 1680 1849 1722 accessurus
1893 1671 2059 1725 esset,

2152 477 2393 530 fraudem
2430 475 2684 531 inducere
2713 474 2953 540 studens,
2983 488 3048 529 ac
3082 472 3321 544 jucunda
3364 472 3466 526 hac
3502 472 3754 528 oblecta-

2154 568 2300 623 tione
2336 576 2392 623 et
2425 569 2734 623 ammnilate
2773 568 3007 636 privare,
3045 572 3208 635 atque
3237 564 3304 619 ad
3337 564 3604 634 peregrini
3653 564 3752 619 Dei

2153 661 2352 715 cultum
2385 661 2712 716 traducere?
2745 659 2953 715 Zardan
2990 668 3190 725 autem,
3226 656 3517 722 Quidnam,
3548 655 3754 722 inquit,

2155 751 2247 806 tibi
2289 751 2457 806 visum
2506 758 2611 816 est,
2647 765 2681 804 o
2723 764 2839 817 rex,
2877 747 3131 802 famulum
3150 750 3306 800 'tuum
3336 745 3578 800 tentare?
3622 744 3757 798 Per-

2154 852 2394 911 Spectum
2419 844 2561 898 enim
2595 842 2767 896 habeo
2793 840 2891 894 viri
2914 853 3193 893 sermones
3218 845 3403 907 pectus
3427 845 3575 890 tuum
3602 834 3756 889 altis-

2157 938 2291 991 sime
2321 945 2654 1004 penetrasse.
2682 932 2814 986 Nam
2846 931 2947 986 nisi
2976 930 3047 985 ita
3077 938 3242 995 esset,
3278 942 3385 983 non
3415 936 3521 981 tam
3556 926 3754 980 luben-

2160 1032 2244 1079 ter
2270 1041 2333 1079 ac
2364 1034 2621 1094 perpetuo
2650 1039 2770 1078 cum
2802 1037 2869 1077 eo
2914 1035 3192 1076 sermones
3222 1020 3502 1075 misceres.
3549 1019 3617 1072 Et
3646 1019 3760 1086 qui.

2160 1115 2283 1171 dem
2350 1131 2448 1170 nos
2498 1114 2795 1169 istiusmodi
2853 1111 3286 1182 praedicationem
3337 1109 3755 1179 haudquaquam

2160 1206 2488 1274 ignoramus.
2520 1204 2718 1259 Verum
2749 1218 2815 1258 ex
2845 1216 2953 1270 quo
2980 1210 3223 1270 tempore
3250 1208 3401 1270 pater
3440 1207 3564 1253 tuus
3610 1208 3758 1251 atro-

2160 1297 2429 1353 cissimam
2471 1296 2734 1351 adversus
2776 1293 3111 1349 Chrisrianos
3151 1292 3579 1362 persecutionem
3609 1290 3756 1346 exci-

2164 1394 2314 1453 tavit,
2340 1393 2413 1447 illi
2436 1392 2561 1447 hinc
2586 1392 2790 1462 expulsi
2814 1402 2962 1458 sunt,
2994 1400 3155 1460 atque
3175 1391 3412 1460 ipsorum
3437 1389 3757 1459 przcdicatio

2165 1486 2443 1540 conticuit.
2479 1484 2629 1550 Quod
2672 1484 2716 1538 si
2753 1483 2844 1537 tibi
2876 1482 3067 1551 dogma
3100 1482 3202 1537 hoc
3227 1480 3451 1544 arridet,
3487 1480 3759 1549 ipsiusque

2165 1578 2418 1632 duritiem
2461 1586 2517 1632 et
2556 1577 2793 1632 laborem
2824 1574 3006 1629 subire
3048 1583 3224 1645 potes,
3261 1574 3490 1627 faustum
3537 1586 3665 1626 sane
3694 1585 3758 1624 ac

2170 1669 2293 1724 felix
2325 1670 2395 1725 sit
2424 1671 2473 1723 id
2515 1669 2657 1739 quod
2687 1668 2869 1723 animo
2898 1677 2989 1721 tuo
3017 1666 3234 1722 insedit.
3269 1666 3380 1738 Ego
3419 1675 3593 1719 autem
3632 1662 3760 1734 quid

478 1773 720 1831 Zardane
752 1772 887 1823 intra
916 1768 1091 1820 velum
1125 1764 1449 1827 introducto,
1473 1761 1540 1813 ad
1567 1773 1751 1813 senem
1774 1759 1882 1812 ait:
1915 1755 2058 1809 DlVi-
2092 1749 2137 1808 Β
2165 1761 2382 1817 tandem
2418 1760 2632 1828 faciam,
2676 1760 2767 1830 qui
2800 1758 3106 1830 hujusmodi
3136 1757 3385 1812 duritiem
3417 1773 3482 1811 ne
3510 1754 3762 1809 adversis

477 1883 602 1925 nam
629 1877 770 1921 tuam
800 1864 1095 1918 doctrinam
1126 1857 1256 1912 mihi
1287 1853 1595 1910 summatim
1619 1858 1823 1919 repete,
1847 1863 1953 1917 quo
1974 1848 2064 1900 fir—

444 1978 449 1983 '
478 1960 619 2016 mins
641 1956 842 2027 pectori
872 1967 994 2007 meo
1022 1952 1305 2005 inseratur.
1340 1950 1572 2017 Excepto
1602 1946 1764 2013 igitur
1792 1956 2061 2005 sermone,

478 2049 726 2106 Barlaam
758 2047 966 2113 longam
999 2041 1066 2097 de
1098 2042 1205 2095 Deo
1235 2048 1394 2109 atque
1422 2051 1546 2106 erga
1569 2050 1691 2091 eum
1725 2035 1920 2103 pietate
1946 2046 2067 2086 ora-

477 2141 678 2197 tionem
710 2137 913 2203 habnit,
946 2134 1193 2206 quodque
1220 2147 1342 2186 eum
1370 2129 1541 2184 solum
1571 2143 1636 2182 ex
1663 2136 1773 2181 toto
1799 2127 1982 2190 corde,
2011 2130 2068 2178 et

479 2251 544 2290 ex
583 2242 689 2287 tota
720 2232 919 2294 anima,
969 2238 1023 2284 et
1059 2243 1125 2281 ex
1168 2234 1276 2279 tota
1324 2232 1500 2277 mente
1537 2234 1743 2285 amare,
1794 2218 2067 2288 ipsiusque

479 2326 731 2383 mandata
757 2339 880 2379 eum
910 2322 1104 2375 timore
1132 2333 1194 2372 ac
1223 2316 1489 2371 desiderio
1528 2313 1813 2368 observare
1842 2318 2067 2380 oporte—

480 2428 566 2477 ret
595 2417 812 2489 (Matth.
837 2413 1001 2485 xxn);
1025 2411 1273 2482 quodque
1305 2410 1419 2477 ipse
1441 2415 1587 2460 esset
1611 2405 1699 2473 qui
1721 2405 1926 2471 omnia,
1958 2412 2065 2456 tam

481 2527 603 2581 quae
629 2511 682 2564 in
709 2506 966 2562 cernendi
996 2518 1212 2559 sensum
1242 2502 1437 2554 cadunt
1461 2511 1620 2566 quam
1657 2510 1776 2564 qua:
1797 2496 1863 2547 ab
1888 2494 2072 2548 oculo-

478 2616 598 2659 rum
623 2614 785 2654 sensu
816 2607 1017 2651 remota
1038 2604 1181 2656 sunt,
1209 2587 1564 2645 condidisset.
1586 2590 1664 2641 Ac
1692 2585 1889 2640 deinde
1914 2584 2072 2653 primi

483 2693 715 2748 hominis
750 2690 1094 2753 eilictionem,
1144 2683 1557 2749 mandatumque
1593 2675 1698 2748 ipsi
1738 2679 1943 2743 datum,
1995 2676 2070 2730 la-

482 2795 699 2851 tamque
732 2781 784 2835 in
816 2794 963 2844 eum,
997 2778 1064 2830 ob
1092 2775 1341 2830 violatum
1368 2769 1601 2826 edictum
1633 2785 1661 2822 a
1686 2774 1931 2823 creatore
1955 2780 2079 2820 sen-

483 2874 707 2931 tentiam
730 2867 1194 2925 commemoravit.
1229 2864 1492 2932 Deinceps
1521 2861 1657 2915 bona
1688 2874 1750 2914 ea
1779 2856 2070 2922 recensuit,

481 2967 673 3035 quibus
704 2976 822 3026 nos,
856 2959 1055 3030 rejecto
1095 2957 1261 3024 ipsius
1304 2953 1577 3016 mandato,
1604 2958 1816 3005 nosmet
1844 2948 2072 3003 exclusi-

483 3068 627 3109 mus.
653 3052 776 3107 Mox
809 3064 991 3105 carum
1018 3045 1387 3102 molestiarum
1418 3042 1742 3098 mentionem
1780 3039 1920 3105 fecit,
1955 3053 2072 3105 qum

2165 1853 2382 1923 quidem
2406 1852 2525 1908 ocul
2548 1867 2575 1906 s
2596 1852 2789 1905 intueri
2815 1864 3055 1918 possum,
3088 1863 3151 1903 ac
3173 1848 3315 1917 regis
3343 1857 3483 1902 metu
3509 1846 3757 1900 animum

2167 1944 2442 1999 doloribus
2465 1950 2625 2012 atque
2644 1939 3028 1997 acerbitatibus
3050 1930 3355 1994 distractum
3378 1936 3583 1991 habeo?
3608 1935 3762 2002 Qua-

2168 2051 2291 2092 nam
2321 2037 2462 2105 apud
2509 2049 2631 2090 eum
2664 2032 3016 2089 excusatione
3045 2040 3187 2094 utar,
3218 2028 3305 2099 qui
3336 2028 3499 2097 ipsius
3528 2023 3765 2093 imperia

2170 2126 2409 2196 neglexi,
2439 2135 2600 2195 atque
2631 2124 2752 2178 huic
2783 2124 2900 2178 viro
2928 2121 2995 2176 ad
3027 2130 3079 2177 te
3101 2121 3304 2176 aditum
3335 2117 3592 2188 permisi?

2243 2218 2384 2270 Dixit
2429 2226 2605 2269 autem
2652 2214 2717 2267 ad
2764 2228 2887 2268 eum
2932 2216 3077 2282 regis
3119 2211 3297 2266 ﬁlius:
3336 2209 3596 2276 Equidem
3631 2206 3766 2260 n'hil

2176 2306 2325 2362 aliud
2365 2306 2507 2375 quod
2552 2303 2750 2372 ingenti
2783 2311 2885 2358 tua:
2916 2318 3039 2372 erga
3071 2318 3158 2357 me
3196 2298 3588 2357 benevolentia:
3633 2297 3769 2353 satis

2177 2396 2382 2465 prtcmii
2415 2395 2631 2448 afferret
2673 2406 2989 2461 agnoscens,
3036 2391 3139 2446 hoc
3186 2407 3350 2445 unmn
3385 2390 3646 2444 beneﬁcio
3674 2398 3768 2459 tu‘o

2172 2486 2345 2551 majus
2370 2486 2563 2552 reperi,
2595 2482 2844 2538 nimirum
2876 2493 2932 2536 ut
2962 2481 3055 2536 tibi
3088 2481 3286 2536 bonum
3317 2479 3471 2543 illud,
3501 2478 3641 2547 quod
3672 2491 3765 2529 na-

2171 2586 2342 2631 turam
2382 2585 2618 2645 superat,
2661 2575 3000 2643 perspicuum
3043 2571 3274 2626 reddere
3316 2570 3610 2633 studerem,
3656 2567 3762 2620 hoc

2185 2676 2289 2729 est,
2323 2676 2381 2719 ut
2409 2681 2567 2734 quem
2597 2664 2661 2718 ad
2697 2664 2853 2719 ﬁnem
2886 2672 3198 2732 procreatus
3220 2661 3296 2715 sis
3326 2659 3675 2727 intelligeres,
3706 2670 3768 2709 ac

2174 2769 2475 2812 creatorem
2502 2770 2844 2825 agnosceres,
2878 2753 3189 2822 relictisque
3215 2752 3474 2813 tenebris,
3504 2753 3569 2802 ad
3598 2749 3768 2802 lucem

2174 2863 2511 2904 accurrercs.
2542 2848 2721 2918 Atque
2753 2845 2804 2900 in
2838 2845 2938 2899 hac
2956 2858 3054 2913 spe
3079 2858 3249 2910 eram,
3276 2842 3392 2895 fore
3420 2850 3477 2895 ut
3505 2840 3664 2895 simul
3692 2849 3771 2891 at-

2174 2956 2277 3012 que
2318 2941 2385 2996 de
2430 2956 2491 2996 ea
2531 2938 2729 3007 aliquid
2775 2936 3060 3000 audiisses,
3110 2933 3486 2989 ardentissima
3538 2930 3765 2996 quadam

2176 3033 2469 3100 cupiditate
2493 3032 2634 3085 illam
2658 3028 2986 3099 sequereris.
3005 3026 3201 3081 Verum
3225 3038 3320 3094 spe
3342 3038 3481 3085 mea,
3507 3032 3566 3075 ut
3589 3020 3766 3080 video.

486 3156 767 3216 postquam
790 3141 986 3196 abillis
1007 3139 1163 3193 bonis
1184 3136 1502 3199 excidimus,
1533 3135 1732 3188 misere
1749 3102 1847 3186 nos
1868 3101 2075 3186 invase-
2099 3101 2146 3162 Ο
2182 3122 2342 3175 falsus
2372 3136 2514 3183 sum.
2558 3131 2616 3174 ut
2642 3119 2730 3188 qui
2753 3118 2819 3172 ad
2843 3133 2903 3171 ea
2927 3132 3046 3187 quae
3074 3116 3215 3171 dicta
3241 3123 3368 3170 sunt
3396 3113 3575 3183 tepide.
3604 3111 3764 3164 allec-

486 3247 630 3291 runt.
662 3235 797 3289 Tum
826 3240 1089 3287 autemet!
1118 3244 1234 3298 quae
1256 3226 1320 3280 ad
1351 3223 1729 3293 benignitatem
1761 3230 2072 3276 etamorem

492 3342 620 3399 erga
668 3326 941 3381 hominum
985 3336 1153 3392 genus
1192 3318 1529 3389 pertinebant
1558 3316 1854 3385 subjunxit,
1883 3329 2076 3383 nempe

487 3434 721 3491 quonam
753 3417 913 3471 modo
940 3412 1304 3469 summusjlle
1328 3407 1504 3477 opifex
1538 3408 1724 3462 salutis
1756 3416 1955 3461 nostrae
1984 3421 2075 3459 cu-

488 3528 604 3571 ram
636 3525 849 3583 gerens,
878 3508 1165 3575 magistros
1195 3520 1255 3558 ac
1284 3502 1577 3573 prophetas
1601 3500 1874 3570 Unigeniti
1904 3499 2079 3573 incar-

489 3604 760 3661 nationem
802 3599 1159 3670 praedicantes
1190 3598 1418 3651 miserit.
1448 3592 1655 3657 Deinde
1693 3592 1858 3647 etiam
1910 3591 2078 3658 ipsius

489 3698 825 3759 descensum,
855 3689 1297 3753 incarnationem,
1330 3684 1608 3749 beneﬁcia,
1639 3684 1913 3746 miracula,
1942 3681 2078 3736 tole-

490 3803 713 3859 rataque
764 3802 861 3858 pro
901 3786 1056 3840 nobis
1109 3781 1506 3853 ingratitndinis
1534 3780 1668 3835 vitio
1715 3777 2080 3834 laborantibus

490 3882 769 3952 supplicia,
799 3894 1038 3943 crucem,
1066 3876 1331 3942 lanceam,
1354 3871 1714 3928 voluntariam
1746 3878 1993 3935 mortem,
2019 3884 2081 3923 ac

490 3976 722 4040 denique
748 3984 985 4025 nostram
1018 3968 1081 4021 in
1125 3967 1391 4033 integrum
1426 3962 1819 4018 restitutionem
1851 3972 1905 4016 et
1929 3976 2082 4015 revo-

495 4064 785 4125 cationem,
811 4069 969 4128 atque
999 4058 1063 4111 ad
1086 4056 1549 4125 primumbonum
1567 4053 1827 4118 reditum;
1854 4066 1917 4107 ac
1946 4059 2085 4121 post-

494 4172 558 4211 ea
593 4155 853 4209 caelorum
896 4166 1141 4226 regnum,
1165 4149 1305 4219 quod
1332 4147 1570 4202 homines
1590 4161 1657 4202 eo
1676 4146 1864 4215 dignos
1881 4153 2080 4210 manet,

496 4246 829 4303 reconditum
860 4245 1120 4313 improbis
1148 4242 1441 4295 crueiatum
1472 4242 1655 4309 ignem
1692 4254 1960 4307 nunquam
1990 4252 2083 4293 ex-

494 4338 894 4403 stinguendum,
939 4343 1226 4404 perpetuas
1266 4330 1538 4395 tenebras,
1571 4332 1926 4386 immortalem
1961 4345 2082 4384 ver-

494 4447 659 4494 mem,
689 4440 1019 4498 exterasque
1046 4442 1239 4482 omnes
1264 4439 1475 4494 pmnns,
1517 4438 1649 4493 quas
1684 4424 1719 4479 ii
1762 4424 1849 4493 qui
1882 4424 2080 4491 peccati

492 4522 752 4575 servitute
794 4534 854 4575 se
885 4520 1339 4583 constrinxerunt,
1378 4515 1482 4569 sibi
1534 4513 1665 4583 ipsis
1711 4500 2075 4581 aggesserunt.

497 4614 623 4669 llzcc
659 4628 779 4665 cum
808 4611 1048 4665 oratione
1087 4617 1395 4675 prosecutus
1425 4613 1589 4672 esset,
1622 4618 1685 4657 ac
1712 4604 1811 4657 sub
1839 4603 1996 4654 ﬁnem
2029 4602 2078 4654 in

492 4708 792 4763 doctrinam
822 4708 887 4756 ad
917 4717 1091 4756 mores
1113 4708 1567 4755 accommodatam
1589 4696 1840 4764 delapsus
1871 4694 2080 4757 fuisset,

493 4801 766 4866 multaque
810 4795 878 4851 de
915 4796 1037 4848 vita
1084 4796 1314 4862 puritate
1356 4790 1513 4845 verba
1557 4787 1792 4850 fecisset,
1846 4801 2082 4855 praesen-

494 4890 735 4956 tiumque
779 4900 954 4939 rerum
984 4882 1271 4937 vanitatem
1312 4880 1638 4945 damnasset,
1670 4890 1964 4944 eorumque
1992 4876 2081 4943 qui

499 4981 583 5034 liis
600 4986 743 5035 totos
765 4992 824 5033 se
844 4976 1097 5031 addicunt
1114 4973 1383 5028 miseriam
1400 4971 1756 5039 coarguisset,
1782 4968 2080 5022 orationem

500 5070 715 5124 tandem
741 5067 1044 5136 precatione
1067 5063 1347 5126 conclusit,
1379 5077 1409 5114 a
1443 5062 1552 5114 Deo
1580 5060 1829 5113 nimirum
1860 5057 1958 5123 ipsi
1990 5058 2083 5110 tir-

500 5176 642 5217 matn
678 5168 735 5215 et
774 5167 1109 5213 constantem
1148 5154 1464 5211 orthodoxa:
1505 5152 1627 5207 ﬁdei
1666 5149 2082 5213 confessionem,

500 5258 771 5322 vitamque
797 5250 865 5305 ab
892 5249 1038 5304 omni
1069 5246 1506 5317 reprehensionis
1537 5254 1659 5298 nota
1684 5243 1997 5305 immunem,
2023 5255 2087 5295 ac

502 5345 849 5418 purissimam
900 5342 1137 5396 muneris
1181 5341 1262 5394 sui
1312 5337 1826 5393 adt‘ninistratfonem
1873 5346 2079 5401 optans.

504 5437 586 5492 Ae
629 5440 817 5505 postea
868 5428 1157 5501 precationi
1205 5428 1310 5484 ﬁne
1356 5429 1630 5497 imposito,
1682 5424 1749 5480 ad
1798 5424 2088 5495 hospitium

506 5542 663 5583 suum
695 5537 875 5577 rursus
905 5535 964 5575 se
994 5519 1215 5589 recepit.

579 5625 743 5697 Regis
770 5632 945 5679 autem
971 5622 1131 5685 ﬁlius,
1154 5620 1330 5675 accito
1356 5617 1619 5683 Zardane,
1646 5615 1771 5686 quid
1802 5614 1966 5670 animi
1991 5616 2089 5669 ha-

510 5720 661 5775 beret
687 5715 1013 5791 periclitans,
1042 5712 1207 5770 dixit:
1233 5707 1463 5766 Audiisti
1482 5723 1602 5782 qua
1625 5708 1754 5764 mihi
1777 5704 1963 5763 rabula
1990 5705 2093 5763 iste

2179 3223 2290 3267 tum
2322 3222 2373 3267 te
2402 3212 2753 3281 conspiciam.
2789 3209 2918 3278 Regi
2959 3218 3137 3262 autem
3167 3221 3229 3262 ac
3262 3207 3398 3276 patri
3428 3218 3550 3260 meo
3578 3202 3626 3258 si
3653 3203 3769 3255 haec

2164 3294 2519 3367 iudicaveris,
2566 3301 2699 3355 nihil
2740 3301 2883 3355 aliud
2930 3299 3053 3354 hinc
3091 3297 3464 3368 consequeris,
3515 3310 3678 3365 quam
3713 3304 3772 3346 ut

2180 3386 2346 3463 ipsius
2375 3393 2609 3445 animum
2648 3393 2794 3444 curis
2819 3406 2882 3445 ac
2911 3390 3234 3446 maeroribus
3264 3387 3538 3443 conﬁcias.
3576 3386 3771 3439 Verum

2179 3487 2222 3540 si
2266 3484 2493 3539 (ινιτιάίἀο
2523 3498 2583 3537 ac
2622 3484 2836 3538 sincero
2867 3482 2919 3536 in
2945 3498 3067 3538 eum
3094 3483 3274 3537 animo
3294 3496 3374 3547 es,
3402 3495 3532 3535 cave
3563 3495 3629 3533 ne
3657 3478 3774 3546 ipse

2180 3589 2465 3646 antequam
2502 3575 2783 3631 commoda
2829 3576 3047 3630 occasio
3077 3589 3135 3628 se
3178 3572 3449 3637 obtulerit,
3483 3571 3773 3641 quidquam

2183 3668 2490 3741 huiusmodi
2533 3686 2599 3724 ex
2635 3678 2686 3724 te
2716 3668 2991 3724 resciscat.
3032 3667 3142 3722 Hac
3169 3667 3412 3722 oratione
3440 3666 3504 3718 ad
3535 3681 3659 3719 eum
3686 3666 3778 3717 ha-

2183 3760 2318 3828 bita,
2368 3774 2619 3833 tanquam
2668 3763 2720 3816 in
2764 3776 2955 3830 aquam
3002 3761 3271 3815 seminare
3306 3758 3425 3829 (l2)
3466 3758 3771 3813 videbatur.

2180 3852 2367 3921 Neque
2409 3853 2550 3907 enim
2596 3850 2875 3920 sapientia:
2915 3849 2983 3903 ad
3022 3849 3275 3905 stolidum
3323 3849 3483 3921 291
3526 3848 3769 3902 animum

2188 3942 2366 3999 aditus
2395 3955 2628 4011 unquam
2660 3939 2881 4011 patebit.

2260 4056 2527 4113 Postridie
2560 4062 2740 4109 autem
2771 4055 3011 4110 Barlaam
3044 4054 3108 4107 ad
3137 4068 3258 4110 eum
3281 4053 3563 4116 accedens,
3602 4051 3672 4105 de
3692 4051 3773 4102 di-

2185 4160 2370 4203 scessu
2412 4160 2511 4201 suo
2541 4159 2846 4200 sermonem
2887 4144 3182 4215 ingerebat.
3233 4144 3327 4200 Ille
3371 4152 3547 4198 autem
3598 4142 3668 4197 ab
3707 4157 3773 4194 eo

2187 4235 2369 4293 divelli
2400 4235 2623 4291 minime
2662 4238 2955 4299 sust‘nens,
3000 4235 3186 4303 animo
3213 4235 3644 4299 excruciabatur,
3698 4233 3778 4284 la-

2187 4331 2492 4401 crymisque
2521 4335 2663 4382 totus
2693 4324 3125 4394 perfundebatur.
3157 4325 3334 4381 Senex
3362 4340 3489 4378 vero
3519 4339 3639 4378 cum
3669 4324 3781 4376 lon-

2187 4437 2312 4490 gum
2352 4421 2416 4473 ad
2448 4434 2570 4474 eum
2621 4431 2927 4472 sermonem
2977 4417 3291 4482 habuisset,
3322 4432 3554 4482 eumque
3601 4425 3659 4469 ut
3689 4416 3779 4469 fir-

2189 4511 2461 4565 missimus
2489 4510 2541 4562 in
2594 4508 2736 4561 bono
2759 4516 3019 4575 perstaret
3053 4509 3351 4562 obtestatus
3380 4518 3543 4573 esset,
3576 4507 3784 4561 verbis-

2187 4618 2292 4672 que
2342 4601 2407 4654 ad
2457 4598 2849 4654 cohortandum
2905 4600 3321 4653 accommodatis
3372 4599 3540 4668 ipsius
3592 4607 3781 4666 pectus

2189 4693 2597 4752 conﬁrmasset,
2655 4690 2903 4758 precibus
2951 4691 3019 4743 ab
3048 4705 3114 4744 eo
3163 4692 3525 4746 contendebat
3556 4700 3613 4743 ut
3659 4691 3782 4745 lato

2190 4792 2352 4848 atque
2376 4779 2527 4832 hilari
2551 4777 2731 4832 animo
2753 4777 3063 4834 discedendi
3088 4786 3405 4846 potestatem
3432 4780 3535 4834 sibi
3556 4778 3780 4834 faceret.

2190 4872 2326 4928 Illud
2354 4872 2516 4927 etiam
2546 4869 2903 4940 adjungebat,
2933 4884 3050 4924 eam
3090 4871 3238 4925 brevi
3269 4872 3410 4925 inter
3456 4885 3517 4925 se
3559 4871 3787 4939 conjun-

2189 4965 2421 5019 etionem
2474 4971 2711 5014 mutuam
2763 4959 2910 5023 fore,
2942 4976 3064 5029 quae
3108 4962 3314 5016 dissidii
3358 4960 3533 5016 omnis
3582 4975 3785 5029 expers

2190 5064 2351 5109 esset.
2380 5056 2446 5108 At
2475 5053 2616 5120 regis
2644 5052 2784 5107 ﬁlius
2803 5092 2818 5118 ,
2856 5066 2978 5106 cum
3008 5066 3109 5107 nec
3132 5054 3331 5109 diutius
3360 5055 3475 5109 seni
3511 5054 3786 5124 negotium

2193 5147 2481 5208 facessere,
2511 5160 2610 5200 nec
2640 5159 2762 5200 cum
2787 5145 3025 5214 expetito
3053 5145 3248 5199 itinere
3268 5144 3554 5213 prohibere
3578 5152 3785 5215 posset,

2195 5255 2260 5295 ac
2290 5247 2546 5309 praeterea
2577 5244 2823 5289 metuens
2847 5251 2913 5289 ne
2935 5235 3144 5289 Zardan
3167 5236 3258 5292 ille
3285 5251 3463 5307 regem
3496 5241 3565 5291 de
3584 5250 3651 5290 eo
3670 5248 3793 5290 eer-

2205 5332 2395 5385 tiorem
2442 5328 2675 5390 faceret,
2710 5341 2773 5380 ac
2810 5326 3088 5395 suppliciis
3122 5343 3245 5382 eum
3291 5329 3565 5392 afﬁceret,
3608 5326 3690 5383 his
3719 5325 3790 5380 ad

2196 5435 2319 5474 eum
2351 5418 2531 5473 verbis
2582 5431 2711 5471 usus
2758 5426 2839 5471 est
2876 5433 2889 5470 :
2935 5416 3378 5487 Quandoquidem
3420 5419 3492 5473 ita
3544 5418 3636 5473 tibi
3687 5418 3793 5473 hoc

2196 5513 2378 5567 animo
2408 5511 2627 5577 insidet,
2655 5509 2946 5577 spiritualis
2976 5510 3134 5564 Pater
3161 5525 3224 5566 ac
3254 5519 3642 5580 praeceptorum
3682 5524 3788 5577 0p—

2199 5606 2356 5670 time,
2388 5602 2623 5672 mihique
2660 5602 2835 5655 omnis
2881 5600 3004 5655 boni
3047 5611 3264 5668 auctor,
3309 5612 3369 5658 ut
3396 5618 3482 5656 me
3519 5602 3572 5656 in
3604 5599 3796 5654 mundi

2200 5701 2435 5758 vanitate
2462 5706 2762 5755 versantem
2790 5696 3026 5763 deseras,
3056 5707 3217 5769 atque
3238 5700 3306 5755 ad
3332 5698 3623 5769 epiritualis
3651 5696 3801 5769 quia
