4010 6276
249 362 345 423 525

678 359 835 415 VITA
881 356 1296 416 SANCTORUM
1340 348 1664 409 B:\RL\AM
1709 344 2045 403 EREMITIE
2089 345 2174 400 ET
2213 345 2564 403 JOSAPHAT
2605 348 2811 404 iNDltE
2852 348 3072 406 REGIS.

3406 354 3513 409 526

247 475 307 529 tis
353 473 532 528 locum
566 471 951 542 proﬁciscaris,
1001 483 1103 522 non
1137 467 1274 522 ultra
1312 474 1363 520 te
1392 464 1623 520 retinere
1665 469 1822 529 atque
1853 458 1904 516 A
1929 455 2145 523 bonum,
2179 460 2317 531 quod
2363 472 2503 514 tanta
2536 463 2771 517 animum
2804 462 3075 534 voluptate
3106 468 3424 534 pertundat,
3457 479 3516 523 ut
3554 498 3555 501 η

244 563 630 635 impedimento
681 563 774 618 tibi
829 576 949 617 esse
986 559 1177 614 audeo.
1213 559 1310 613 Abi
1360 557 1519 623 igitur
1561 554 1652 609 Dei
1697 568 1827 621 pace

242 669 457 728 sepius,
489 673 554 713 ac
579 670 713 711 mea:
744 652 972 708 miseriae
1008 653 1058 706 in
1090 650 1362 720 praeclaris
1402 648 1503 702 tuis
1533 647 1597 701 ad
1643 646 1825 699 Domi-

243 764 367 805 num
396 748 645 819 precibus
670 744 982 799 memoriam
1014 757 1078 796 ne
1103 740 1447 804 intermittas,
1482 753 1585 804 quo
1613 737 1826 791 tandem

244 840 307 897 ad
340 852 391 897 te
419 838 701 911 pervenire
727 850 790 891 ac
818 834 1007 890 faciem
1039 843 1181 887 tuam
1212 835 1514 902 perspicere
1541 845 1752 900 queam.

317 936 489 992 Unam
521 941 696 988 autem
726 947 842 987 rem
875 946 905 984 a
936 939 986 983 te
1014 928 1244 999 postulo,
1278 925 1550 989 nimirum,
1585 932 1661 984 ut,
1698 935 1830 989 quo-

250 1032 387 1085 niam
416 1042 513 1099 pro
542 1026 644 1081 tuis
674 1024 933 1095 religiosa:
964 1021 1084 1076 vitat:
1113 1019 1381 1073 sodalibus
1421 1015 1550 1070 nihil
1588 1015 1831 1081 accipere

248 1118 497 1185 voluisti,
529 1117 716 1171 saltem
762 1128 858 1182 pro
900 1120 951 1166 te
997 1109 1246 1178 exiguum
1277 1105 1474 1174 aliquid
1508 1101 1747 1171 pecunia:
1778 1101 1829 1154 in

248 1211 445 1264 victum
469 1222 531 1261 ac
560 1213 760 1260 vestem
784 1205 836 1258 in
869 1201 1237 1256 indumentum
1264 1197 1513 1266 accipias.
1540 1196 1631 1249 Ille
1653 1203 1828 1247 autem

250 1300 313 1356 ad
341 1314 464 1355 eum
492 1296 768 1366 respondit
794 1312 807 1348 :
836 1294 965 1349 Cum
995 1307 1091 1361 pro
1118 1290 1370 1345 fratribus
1401 1289 1536 1343 meis
1567 1286 1697 1341 nihil
1721 1300 1751 1338 a
1779 1294 1829 1337 te

249 1389 547 1458 acceperim
578 1387 775 1457 (neque
813 1384 956 1437 enim
997 1380 1073 1436 illi
1111 1379 1308 1447 aliquid
1340 1393 1406 1432 ex
1446 1377 1603 1444 hujus
1646 1373 1827 1428 mundi

250 1482 430 1542 rebus,
454 1494 481 1532 a
505 1479 696 1548 quibus
720 1481 860 1530 ultro
887 1488 1006 1528 sese
1036 1477 1402 1537 removerunt,
1431 1471 1674 1535 accipere
1696 1479 1833 1533 Opus

252 1570 507 1638 habent),
549 1583 781 1638 quonam
824 1565 1036 1619 tandem
1071 1572 1223 1633 pacto
1266 1561 1398 1616 mihi
1440 1560 1492 1615 id
1523 1560 1828 1628 acquiram,

250 1660 391 1729 quod
438 1660 571 1728 ipsis
624 1656 913 1712 interdixi?
942 1654 1073 1710 Nam
1101 1654 1144 1709 si
1179 1652 1520 1721 pecuniarum
1561 1648 1832 1719 possessio

251 1751 385 1807 bona
428 1757 611 1814 esset,
653 1747 758 1802 illis
813 1754 962 1801 certe
998 1754 1121 1799 ante
1170 1759 1255 1798 me
1298 1758 1389 1799 eas
1430 1740 1828 1812 impertiissem.

1935 550 2073 603 Deus
2116 565 2175 604 se
2206 552 2377 620 ipsum
2428 553 2493 607 iis
2524 568 2552 606 a
2581 554 2773 621 quibus
2803 554 3039 624 diligitur
3083 559 3329 613 donans:
3360 574 3513 630 cujus

1931 652 1984 694 et
2017 642 2354 708 pulchritudo
2388 660 2636 699 sermone
2665 647 2809 699 omni
2844 648 3182 714 prtestantior
3213 657 3315 713 est,
3338 661 3391 704 et
3422 666 3520 719 pu-
3543 702 3555 714 _

1934 735 2097 787 tentia
2130 735 2346 798 invicta,
2381 747 2433 789 et
2460 737 2622 805 gloria
2653 739 3002 806 sempiterna,
3035 749 3084 794 et
3114 740 3269 811 cujus
3297 741 3432 796 bona
3452 757 3515 798 ea

1939 841 2050 894 qua:
2098 826 2264 894 ipsius
2294 828 2497 881 amicos
2529 840 2764 895 manent,
2798 832 2975 884 omnia
3018 846 3135 901 qua:
3178 833 3348 886 oculis
3400 848 3520 887 cer-

1933 927 2132 969 nuntur
2179 915 2691 985 imcomparabiliter
2735 920 3061 974 antecellunt
3107 937 3122 975 :
3163 935 3282 991 qua:
3332 923 3523 978 oculus

1934 1022 2039 1061 non
2092 1009 2256 1076 vidit,
2309 1024 2408 1063 nec
2456 1011 2602 1064 auris
2648 1011 2883 1079 audivit,
2920 1026 3018 1065 nec
3065 1012 3120 1066 in
3151 1028 3245 1067 cor
3290 1014 3523 1068 hominis

1933 1100 2289 1154 ascenderunt
2320 1100 2377 1170 (Ι
2423 1102 2542 1157 Cor.
2578 1102 2673 1173 ii)?
2701 1102 2937 1169 Quorum
2971 1105 3171 1158 utinam
3217 1104 3313 1159 tibi
3365 1106 3523 1159 robu-

1935 1190 2168 1243 sﬁssima
2213 1192 2305 1247 Dei
2355 1208 2514 1247 mauu
2558 1202 2712 1262 septo
2755 1208 2819 1250 ac
2863 1197 3068 1251 munito
3104 1196 3371 1252 hmredcm
3404 1211 3526 1253 esse

1934 1281 2234 1351 c0ntiugati

2012 1373 2172 1442 Regis
2203 1383 2381 1430 autem
2414 1376 2550 1430 ii'ius
2600 1377 2849 1449 lacrymis
2883 1376 3164 1448 perfusus,
3206 1380 3524 1450 augebatur,

1937 1476 2000 1518 ac
2027 1479 2237 1518 summa
2268 1468 2508 1521 molestia
2543 1468 2911 1540 afﬁciebatur,
2945 1481 2999 1525 ut
3027 1473 3117 1542 qui
3163 1472 3231 1525 ab
3260 1474 3530 1528 amantis-

1938 1562 2074 1617 simo
2106 1573 2254 1633 patre
2294 1579 2357 1619 ac
2388 1566 2830 1635 prmstantissimo
2875 1567 3131 1637 magistro
3169 1569 3395 1636 relinqui
3428 1570 3527 1622 mi-

1941 1655 2087 1710 nime
2134 1657 2446 1713 sustineret.
2491 1659 2557 1712 Et
2597 1660 2880 1729 quisnam,
2933 1658 3235 1729 inquiebat,
3271 1676 3304 1714 ο
3350 1662 3526 1727 Pater,

1941 1751 2062 1801 tuas
2115 1755 2292 1816 partes
2331 1748 2602 1818 explebit?
2645 1758 2737 1805 aut
2774 1766 2931 1821 quem
2976 1750 3190 1807 tandem
3224 1750 3528 1822 hujusmodi

250 1842 511 1909 Quoniam
540 1851 718 1896 autem
756 1838 1036 1894 exitiosam
1067 1853 1250 1893 earum
1280 1835 1671 1906 possessionem
1716 1848 1837 1889 esse
1870 1829 1915 1889 B
1945 1846 2209 1903 pastorem
2236 1854 2298 1893 ac
2324 1840 2515 1896 ducem
2548 1845 2799 1911 consequi
2831 1845 3052 1909 potero?
3082 1852 3135 1896 ct
3164 1858 3394 1910 quonam
3436 1858 3529 1897 so-

254 1934 390 1997 scio,
423 1948 521 1986 nec
545 1931 700 2000 illos,
742 1944 843 1986 nec
868 1946 953 1985 me
980 1928 1109 1985 item
1152 1926 1457 1999 hujusmodi
1499 1924 1703 1993 laqueis
1740 1925 1838 1978 im-

257 2025 454 2092 plicato
482 2024 523 2077 ί.

327 2114 463 2170 Cum
494 2116 652 2184 igitur
682 2130 749 2170 ne
780 2114 879 2169 hoc
907 2128 1117 2184 quoque
1152 2113 1252 2180 ipsi
1282 2111 1602 2181 persuadere
1635 2110 1840 2179 potuis-

252 2214 364 2271 set,
395 2208 461 2261 ad
486 2208 709 2263 alteram
742 2207 1050 2275 petitionem
1084 2219 1292 2258 rursum
1320 2218 1379 2258 se
1406 2204 1688 2267 convertit,
1719 2218 1840 2269 sup-

252 2298 489 2367 plexque
513 2298 580 2352 ab
610 2312 675 2351 eo
708 2297 859 2365 petiit
884 2311 953 2350 ne
989 2310 1175 2363 preces
1202 2307 1327 2349 suas
1362 2293 1581 2348 omnino
1613 2292 1845 2361 neglige-

251 2397 361 2449 ret,
397 2401 498 2440 nec
526 2401 586 2440 se
612 2387 759 2441 omni
790 2387 1055 2440 mmstitim
1083 2401 1279 2456 genere
1304 2383 1634 2453 proliigaret.
1662 2399 1843 2437 \crnm

253 2486 315 2529 ut
334 2476 587 2530 detritum
616 2477 747 2530 illud
775 2486 829 2531 et
858 2491 1130 2544 asperum,
1154 2491 1219 2531 ac
1243 2484 1511 2530 vetustate
1541 2473 1843 2528 confectum

252 2571 475 2640 pallium
502 2568 634 2638 (tum
667 2569 733 2622 ad
768 2569 1031 2637 religiosa:
1064 2569 1300 2637 magistri
1326 2569 1409 2621 sui
1436 2567 1560 2621 vitae
1590 2566 1846 2621 reirican-

250 2663 380 2718 dam
414 2662 725 2717 memoriam
745 2704 759 2726 ,
796 2671 907 2716 tum
936 2662 1001 2715 ad
1034 2662 1339 2730 praesidium
1371 2659 1629 2714 adversus
1658 2671 1846 2713 omnes

251 2754 473 2812 Satanas
502 2751 735 2825 amatus)
762 2752 863 2807 sibi
901 2752 1264 2820 relinqueret,
1309 2758 1472 2820 atque
1510 2749 1626 2818 ipse
1655 2764 1751 2817 pro
1780 2764 1846 2802 eo

252 2847 404 2902 aliud
444 2846 710 2914 acciperet
737 2862 752 2899 :
785 2859 889 2914 quo
919 2843 1154 2908 scilicet,
1195 2841 1398 2910 inquit,
1450 2840 1505 2896 id
1532 2839 1675 2909 quod
1703 2856 1733 2894 a
1761 2855 1845 2894 me

252 2937 441 2991 datum
474 2935 633 2991 fuerit
654 2976 669 3003 ,
718 2936 1045 3007 perspiciens
1065 2976 1080 3001 ,
1112 2933 1427 2989 humilitatis
1472 2947 1607 2989 mea:
1635 2946 1841 2987 memo-

253 3030 393 3085 riam
422 3028 677 3083 retineas.
1676 3036 1677 3039 ‘

327 3122 422 3176 Ait
439 3129 618 3175 autem
639 3132 804 3175 senex
828 3134 842 3171 :
874 3116 1033 3172 Vetus
1054 3131 1231 3172 meum
1260 3129 1322 3171 ac
1346 3114 1600 3171 detritum
1624 3114 1841 3182 pallium

1942 1927 2071 1979 latio
2097 1927 2421 1983 desiderium
2453 1931 2525 1983 tui
2551 1931 2765 1985 leuibo?
2788 1930 2930 1986 Ecce
2954 1934 3093 1986 cnim
3122 1947 3207 1987 me
3230 1933 3529 2002 improbum

1944 2031 2007 2070 ac
2037 2019 2287 2073 rebellem
2320 2035 2536 2074 servum
2567 2022 2632 2075 ad
2667 2022 2829 2075 Deum
2861 2023 3148 2087 adduxisti,
3174 2024 3403 2093 atquein
3435 2024 3532 2081 lilii

1945 2117 1999 2162 et
2027 2109 2255 2164 hmredis
2286 2112 2459 2167 classe
2487 2113 2760 2167 collocasti
2783 2157 2797 2181 ,
2830 2128 2891 2168 ac
2936 2130 3019 2168 me
3065 2115 3326 2183 perditum
3368 2126 3532 2186 atque

1946 2201 2193 2255 omnibus
2222 2202 2406 2258 besﬁis
2436 2204 2670 2272 praedam
2692 2205 2992 2274 expositum
3023 2207 3336 2274 exquisiisti,
3370 2208 3533 2280 292

1948 2301 2000 2347 et
2023 2308 2143 2348 cum
2172 2294 2236 2347 iis
2261 2294 2355 2348 Dei
2384 2294 2570 2350 ovibus
2595 2311 2712 2363 quae
2755 2297 2973 2351 minime
3014 2300 3394 2351 aberraverant
3438 2314 3533 2352 co-

1950 2388 2140 2455 pulasti
2161 2387 2311 2458 (Luc.
2334 2388 2451 2457 xv),
2475 2397 2634 2457 atque
2653 2390 3102 2459 compendiariam
3122 2392 3363 2446 veritatis
3391 2392 3531 2450 viam

1948 2478 2077 2531 mihi
2118 2478 2491 2535 demonstrasti
2526 2479 2700 2550 (Psal.
2737 2480 2955 2550 Lxxxv),
2989 2497 3177 2551 meque
3201 2482 3267 2537 de
3298 2483 3533 2539 tenebris

1947 2578 1999 2621 et
2026 2570 2211 2622 umbra
2241 2571 2427 2625 mortis
2473 2571 2700 2625 eduxisti
2725 2572 2901 2642 (Luca:
2945 2575 3008 2641 ι),
3040 2588 3101 2627 ac
3133 2574 3295 2642 pedes
3326 2590 3471 2628 meos
3504 2590 3533 2631 ο

1947 2659 2148 2714 lubrica
2173 2672 2225 2715 et
2245 2662 2469 2717 exitiosa
2497 2679 2558 2716 ac
2583 2679 2830 2731 perversa
2855 2674 2908 2718 et
2927 2679 3091 2719 curva
3117 2666 3199 2718 via
3230 2668 3533 2723 extraxist'.

1948 2748 2133 2817 Magna
2164 2761 2216 2803 et
2248 2750 2557 2805 admiranda
2587 2753 2715 2807 mihi
2744 2770 2774 2809 a
2805 2762 2857 2809 te
2886 2754 3023 2809 bona
3050 2764 3167 2809 orta
3198 2764 3343 2820 sunt,
3371 2767 3531 2825 atque

1947 2842 2229 2910 ejusmodi,
2260 2856 2315 2898 ut
2344 2844 2665 2914 singularem
2709 2861 2895 2901 eorum
2924 2846 3343 2914 magnitudinem
3387 2847 3531 2904 nulla

1947 2934 2118 2988 oratio
2141 2939 2391 3006 consequi
2424 2938 2614 3006 possit.
2650 2939 2958 3008 Magnorum
2986 2939 3147 3009 igitur
3172 2941 3286 3009 ipse
3320 2955 3532 3009 quoque

1949 3041 2046 3097 pro
2067 3042 2151 3082 me
2177 3027 2371 3098 exiguo
2394 3029 2716 3084 homunculo
2739 3032 2905 3098 ipsius
2929 3031 3307 3087 beneliciorum
3333 3032 3534 3089 utinam

1951 3123 2025 3175 sis
2054 3123 2358 3191 particeps!
2394 3132 2553 3193 atque
2586 3123 2637 3177 id
2669 3125 2809 3193 quod
2843 3140 2975 3180 meae
3006 3127 3294 3196 gratiarum
3340 3123 3537 3180 actioni

254 3212 355 3268 tibi
386 3212 530 3266 dono
561 3211 723 3277 dare,
770 3209 1021 3280 aliudque
1051 3222 1244 3263 novum
1296 3207 1665 3275 indumentum
1696 3206 1839 3259 acvi-
1872 3196 1919 3259 C
1949 3212 2101 3267 deest
2128 3214 2341 3282 expleat
2369 3215 2650 3283 Dominus,
2681 3217 2774 3287 qui
2803 3217 2948 3272 solus
2973 3218 3360 3275 beneﬁciorum
3402 3218 3538 3276 rela-

254 3316 411 3373 pere,
442 3302 571 3356 mihi
600 3316 703 3356 non
726 3302 869 3367 licet,
890 3316 958 3356 ne
984 3299 1161 3368 exigui
1191 3300 1296 3354 mei
1322 3298 1521 3353 laboris
1540 3297 1843 3353 mercedem

253 3394 347 3449 bic
374 3392 649 3463 recepisse
676 3393 851 3446 divina
887 3392 1150 3446 sententia
1182 3388 1510 3457 pronuntiet.
1555 3389 1844 3452 Caeterum,

254 3501 326 3542 ne
358 3495 505 3540 tuam
534 3484 696 3539 animi
721 3484 1050 3539 alacritatem
1090 3485 1394 3547 retundam,
1426 3491 1657 3549 vetusta,
1692 3497 1788 3536 nec
1820 3498 1848 3534 a

253 3578 402 3632 meis
423 3576 708 3646 quidquam
738 3574 972 3640 diversa,
996 3590 1057 3630 ea
1087 3572 1399 3630 indumenta
1429 3575 1556 3641 sint,
1580 3590 1696 3643 quae
1720 3574 1851 3628 mihi

254 3672 358 3726 abs
391 3680 445 3726 te
474 3671 833 3741 porrigentur.
869 3668 1028 3739 [tegis
1053 3671 1237 3739 itaque
1267 3668 1431 3733 ﬁlius,
1458 3682 1582 3724 cum
1629 3683 1852 3732 asperos

253 3762 525 3830 quosdam
582 3775 645 3815 ac
695 3769 935 3816 vetustos
987 3775 1191 3829 pannos
1237 3759 1607 3828 quaesivisset,
1655 3772 1853 3827 eosque

254 3852 384 3909 scni
415 3851 670 3920 dedisset,
705 3851 873 3919 ipsius
902 3860 1051 3906 veste
1080 3849 1305 3905 invicem
1336 3859 1576 3917 accepta,
1608 3863 1851 3917 magnam

257 3944 393 4000 inde
420 3943 659 3998 laetitiam
690 3944 954 4014 concepit,
987 3944 1173 4014 quavis
1219 3957 1449 4012 purpura
1481 3957 1543 3997 ac
1574 3942 1720 4011 regio
1760 3957 1849 3995 or-

255 4043 524 4090 namento
548 4036 684 4090 citra
705 4051 917 4093 omnem
942 4036 1397 4107 comparationem
1422 4037 1850 4107 prmstantiorem

254 4140 387 4185 eam
422 4125 755 4184 existimans.

336 4216 721 4274 Divinissimus
740 4226 914 4273 autem
941 4218 1183 4273 Barlaam
1208 4218 1319 4288 jam
1342 4217 1559 4288 jamque
1581 4218 1857 4273 discedere

256 4311 529 4379 cupiens,
570 4324 630 4365 ea
658 4324 776 4379 quae
804 4310 870 4364 ad
902 4310 1195 4365 discessum
1228 4312 1566 4379 pertinebant
1605 4309 1857 4379 loqueba-

258 4411 385 4468 tur,
436 4415 868 4470 postreiuamque
914 4401 1051 4455 hanc
1098 4401 1199 4471 ipsi
1241 4399 1539 4455 doctrinam
1590 4400 1853 4455 adhibuit.

257 4494 600 4548 Charissime
631 4493 827 4562 frater,
866 4494 1071 4564 inquit,
1104 4509 1165 4547 ac
1192 4494 1512 4548 suavissime
1556 4492 1662 4557 ﬁli,
1696 4506 1853 4560 qnem

1951 3305 2094 3358 tione
2118 3320 2211 3358 eos
2235 3306 2320 3374 qui
2354 3306 2516 3376 ipsius
2546 3321 2730 3361 amore
2761 3308 2976 3376 praediti
3004 3320 3129 3364 sunt
3166 3318 3399 3379 superat.

2023 3396 2262 3451 Barlaam
2311 3406 2512 3464 autem,
2566 3399 2735 3468 ipsius
2777 3400 3187 3458 lamentationes
3231 3412 3535 3473 amputans,

1950 3487 2202 3552 surrexit,
2253 3498 2413 3559 atque
2457 3489 2523 3543 ad
2554 3491 2815 3546 orandum
2863 3507 2922 3546 se
2951 3495 3317 3563 comparavit,
3374 3495 3540 3548 maui-

1955 3577 2155 3646 busque
2185 3580 2232 3632 in
2261 3582 2454 3632 cmlum
2477 3580 2720 3647 Sublatis,
2754 3580 2835 3637 his
2859 3582 3038 3637 verbis
3093 3598 3217 3636 usus
3246 3592 3329 3637 est
3358 3601 3368 3635 :
3403 3585 3541 3638 Deus

1953 3676 2008 3723 et
2038 3668 2195 3723 Pater
2224 3669 2434 3724 Domini
2461 3670 2627 3723 nostni
2649 3672 2775 3726 .lesu
2799 3671 3024 3740 ChriSti,
3049 3674 3138 3742 qui
3167 3688 3229 3726 ea
3253 3687 3371 3742 qum
3395 3673 3542 3741 prius

1956 3761 2191 3815 tenebris
2231 3760 2458 3815 obducta
2491 3770 2677 3825 erant,
2731 3761 2851 3816 luce
2879 3762 3194 3831 perfodisti,
3250 3774 3408 3833 atque
3456 3779 3542 3818 res

1953 3863 2140 3903 omnes
2168 3849 2411 3904 conditas
2434 3891 2449 3917 ,
2502 3861 2608 3904 tam
2640 3867 2758 3919 qua:
2789 3861 3004 3918 aspecm
3037 3854 3339 3907 sentiuntur
3383 3869 3541 3923 quam

1955 3954 2074 4007 quas
2102 3939 2168 3994 ab
2193 3940 2469 3995 oculorum
2499 3956 2660 3997 sensu
2690 3952 2909 3996 remota:
2936 3952 3082 4006 sunt,
3111 3959 3176 3997 ex
3223 3944 3392 3997 nihilo
3424 3960 3545 4014 pro-

1956 4033 2176 4098 duxisti,
2200 4034 2289 4102 qui
2317 4036 2624 4104 ligmentum
2652 4044 2795 4088 tuum
2821 4036 3155 4103 convertisti,
3177 4052 3274 4093 nec
3298 4053 3395 4092 nos
3426 4048 3546 4105 post

1958 4124 2317 4192 insipientiam
2369 4137 2607 4180 nostram
2651 4127 2799 4181 abire
2850 4128 3167 4192 permisisti,
3220 4130 3420 4196 gratias
3450 4128 3546 4186 tibi

1958 4218 2194 4287 agimus,
2243 4232 2305 4272 ac
2334 4226 2435 4271 tua:
2467 4226 2718 4287 potentias
2761 4225 2815 4271 et
2845 4219 3145 4287 sapientiae,
3181 4219 3281 4272 hoc
3308 4228 3393 4273 est
3439 4220 3544 4279 Do-

1960 4312 2105 4365 mino
2131 4318 2314 4363 nostro
2340 4307 2463 4364 Jesu
2488 4306 2725 4373 Christo,
2759 4323 2854 4376 per
2881 4324 3039 4377 quem
3062 4307 3223 4364 etiam
3249 4309 3441 4364 smeula
3468 4297 3545 4369 feé

1960 4401 2079 4456 cisti
2107 4400 2261 4467 (Heb.
2294 4399 2355 4470 ι),
2382 4415 2584 4470 uosque
2614 4403 2891 4470 prolapsos
2922 4410 2973 4454 et
2996 4400 3237 4472 jacentes
3267 4402 3543 4466 excitasti,

1962 4503 2016 4548 et
2043 4492 2478 4559 delinquentibus
2506 4501 2722 4560 peccata
2765 4491 3051 4555 remisisti,
3078 4505 3262 4544 errore
3292 4498 3547 4559 vagantes

256 4602 370 4653 ego
403 4601 499 4655 per
522 4558 864 4654 Evangelium
892 4558 1047 4653 genui
1082 4584 1133 4656 (I
1165 4583 1283 4639 Cor.
1318 4583 1424 4652 ιν),
1475 4584 1581 4638 scis
1610 4583 1693 4636 cui
1714 4558 1853 4651 lic-gi
1886 4558 1942 4621 Β
1967 4558 2259 4648 reduxisti,
2310 4558 2549 4650 captivos
2580 4582 2874 4645 redemisti,
2908 4590 3081 4636 morte
3128 4558 3423 4637 exstinctos
3455 4598 3549 4651 per

258 4693 469 4733 nomen
513 4676 743 4742 dedisti,
790 4685 846 4731 et
893 4692 1013 4730 cum
1059 4692 1163 4745 quo
1202 4684 1354 4744 pacta
1403 4674 1622 4728 initisli.
1675 4674 1854 4739 Quare

259 4772 427 4824 lirina
451 4784 515 4824 ea
537 4784 720 4822 serves
743 4782 963 4822 necesse
987 4776 1087 4831 est,
1116 4777 1274 4836 atque
1304 4768 1481 4821 omnia
1508 4767 1710 4821 militia:
1738 4782 1855 4820 mu-

258 4864 383 4924 nia,
407 4875 528 4931 quae
560 4860 611 4915 in
646 4859 943 4927 hujusmodi
973 4870 1245 4927 pactorum
1278 4858 1480 4923 charta,
1510 4869 1770 4927 pra-sente
1793 4873 1857 4913 ac

258 4959 543 5014 testante,
594 4960 754 5019 atque
789 4948 949 5003 etiam
1000 4958 1151 5016 pacta
1191 4949 1301 5013 ipsa
1335 4950 1525 5003 litteris
1572 4950 1857 5002 mandante

256 5043 530 5096 universo
556 5040 763 5094 caelesti
806 5040 1078 5104 exercitu,
1113 5039 1437 5106 promisisti,
1471 5040 1634 5094 alacri
1679 5042 1860 5094 animo

254 5131 609 5199 exsequeris.
650 5129 778 5197 Quae
808 5128 1019 5198 quidem
1055 5129 1098 5182 si
1135 5128 1480 5195 prmstitcris.
1514 5132 1698 5184 beatus
1728 5135 1855 5183 etis.

254 5223 540 5288 Quocirca
573 5220 662 5275 tibi
708 5219 1089 5288 providendum
1124 5229 1207 5274 est
1258 5235 1323 5273 ne
1353 5220 1476 5286 quid
1516 5224 1857 5287 prmseniium

256 5332 457 5372 rerum
487 5313 629 5377 Deo,
661 5313 932 5381 ipsiusque
980 5312 1132 5365 bonis
1173 5320 1489 5378 anteponas.
1537 5312 1675 5379 Quid
1718 5314 1858 5367 enim

256 5426 461 5467 rerum
508 5408 848 5477 praesentium
900 5412 1102 5458 tantum
1154 5406 1374 5458 terroris
1419 5404 1609 5459 all‘erre
1651 5416 1857 5475 potest,

254 5511 539 5573 quantum
574 5500 708 5567 ignis
733 5496 918 5551 aeterni
948 5495 1234 5558 cruciatus,
1267 5495 1354 5562 qui
1386 5494 1454 5548 ita
1484 5496 1657 5562 ardet,
1687 5504 1745 5549 ut
1776 5498 1862 5550 iu-

258 5599 439 5652 teritn
467 5596 601 5650 lucis
627 5592 802 5647 omnis
840 5604 1031 5658 expers
1061 5590 1158 5651 sit,
1204 5603 1302 5642 nec
1330 5605 1559 5659 unquam
1606 5592 1863 5644 exurendi

255 5689 446 5743 autem
480 5682 672 5738 faciat?
696 5681 771 5735 Ac
801 5694 1034 5744 rursum,
1065 5677 1331 5747 quodnam
1363 5693 1443 5733 εει
1478 5676 1635 5743 hujus
1679 5681 1863 5736 mundi

344 5802 369 5833 ³
408 5796 520 5853 Hoc
554 5794 794 5864 intelligo
823 5791 889 5848 de
917 5790 1136 5857 divitiis,
1166 5790 1361 5862 quibus
1388 5790 1577 5858 aliquis
1600 5790 1853 5848 abutitur.

1965 4672 2081 4725 Filii
2113 4677 2184 4725 tul
2231 4687 2292 4725 ac
2323 4672 2529 4725 Domini
2572 4670 2738 4725 nostri
2789 4670 3078 4741 pretiosum
3127 4671 3445 4742 sanguinem
3476 4671 3544 4729 ad

1962 4766 2124 4818 vitam
2154 4764 2433 4818 revocasﬁ.
2622 4762 2623 4765 “

2034 4855 2109 4910 Te
2138 4854 2296 4924 igitur
2342 4854 2532 4909 invoco
2553 4898 2567 4922 ,
2602 4864 2762 4925 atque
2792 4865 3119 4927 unigenitum
3148 4853 3343 4909 Filium
3376 4863 3546 4920 tuum,

1966 4959 2020 5003 et
2051 4947 2444 5002 sanctissimum
2478 4956 2623 5000 tuum
2656 4947 2937 5016 Spiritum.
2973 4946 3197 5013 ltespice
3227 4945 3279 4999 in
3307 4944 3550 4998 oratione

1971 5041 2277 5105 prmdictam
2294 5037 2432 5093 hanc
2454 5052 2608 5090 ovem
2629 5077 2643 5101 ,
2686 5052 2806 5106 quae
2837 5052 2930 5106 per
2962 5050 3047 5090 me
3076 5035 3350 5105 indignum
3382 5035 3552 5089 humi.

1969 5146 2088 5184 nem
2118 5132 2181 5183 ad
2210 5131 2377 5186 alarc
2404 5139 2548 5183 tuum
2573 5131 2797 5197 accedit,
2824 5144 2981 5198 atque
3004 5128 3170 5198 ipsius
3201 5129 3428 5183 animam
3457 5144 3551 5201 per

1972 5221 2220 5276 virtutem
2251 5237 2312 5275 ac
2341 5220 2565 5291 gratiam
2614 5229 2756 5273 tuam
2787 5221 3081 5274 sanctiﬁca.
3130 5219 3299 5275 Visita
3339 5222 3549 5277 vineam

1973 5313 2107 5366 hanc
2138 5311 2309 5384 (Psal.
2336 5316 2548 5381 Lxsix),
2579 5329 2696 5383 qua:
2727 5328 2821 5384 per
2844 5313 3098 5382 Spiritum
3129 5324 3371 5371 sanctum
3403 5324 3548 5371 tuum

1972 5405 2201 5472 plantata
2230 5414 2329 5468 est,
2363 5415 2522 5473 atque
2549 5409 2650 5459 hoc
2675 5407 2720 5459 ei
2750 5404 2839 5470 da,
2869 5415 2925 5458 ut
2952 5402 3176 5474 justitiae
3209 5405 3440 5463 fructum
3477 5406 3554 5459 le-

1969 5504 2078 5558 rat;
2133 5496 2420 5550 corrobora
2450 5512 2607 5562 eum,
2657 5508 2868 5565 pactum
2903 5504 3051 5551 tuum
3100 5495 3155 5552 iu
3188 5512 3305 5565 ipso
3348 5495 3547 5551 conﬁr-i

1969 5601 2154 5652 matis;
2215 5603 2276 5640 ac
2325 5604 2418 5657 per
2447 5587 2570 5643 boni
2618 5588 2693 5644 tui
2741 5588 2970 5658 Spiritus
3006 5587 3324 5656 sapientiam
3370 5602 3490 5640 eum
3518 5599 3549 5640 ι

1969 5679 2163 5735 diaboli
2198 5680 2380 5735 fraude
2409 5691 2566 5755 atque
2596 5678 2888 5752 impostura
2922 5693 3092 5748 eripe.
3126 5669 3268 5735 Doce
3314 5690 3433 5735 eum
3466 5670 3549 5728 ia-
