4010 6230
421 309 524 362 527

1450 302 1538 355 DE
1581 299 1758 354 VITIS
1797 292 2079 352 PATRUM
2121 290 2325 347 LIBER
2364 287 2638 347 PRIMUS.

3590 281 3699 334 828

420 441 549 482 cere
574 424 900 482 voluntatem
933 430 1077 476 tuam
1104 419 1276 492 (Psal.
1301 417 1488 486 chtt).
1512 415 1836 470 etauxilium
1863 422 2008 466 tuum
2041 407 2089 465 A
2119 417 2263 476 ptum
2293 421 2413 462 esse
2443 403 2816 476 perspiciebat,
2848 401 3035 458 sedulo
3074 412 3196 492 eum
3227 395 3512 452 tnvtsebat.
3535 394 3705 450 Cum-

423 520 492 580 ab
537 531 602 572 eo
636 531 703 570 ne
752 515 960 568 auferas
994 512 1163 584 (Psal.
1210 510 1286 578 ι).
1323 510 1495 577 Atque
1542 516 1595 561 et
1627 506 1726 575 ipsi
1775 513 1829 558 et
1877 499 2008 556 mihi

427 625 586 666 servo
614 608 818 673 inutili,
863 606 1126 661 bonorum
1162 613 1371 656 tuorum
1401 614 1522 669 qme
1552 599 1710 651 finem
1743 593 2009 656 nesciunt,

428 700 798 757 htereditatem
831 698 1085 764 consequi
1119 692 1383 748 beneﬁcio
1412 703 1502 744 tuo
1543 688 1833 754 contingat.
1866 684 2012 750 Quo-

429 794 571 849 niam
619 790 934 846 benedictus
981 801 1042 842 es
1087 796 1140 841 et
1169 784 1434 854 gloriosus
1488 781 1540 833 in
1584 777 1798 833 swcula.
1845 777 2014 828 Amen

431 884 595 956 (Dan.
634 883 732 952 ιιι).

503 975 763 1031 Absoluta
806 980 979 1026 autem
1011 969 1285 1032 oratione,
1318 977 1645 1027 conversus,
1696 960 1866 1030 ipsum
1907 971 2018 1024 1am

365 1056 374 1062 ’
435 1068 671 1123 caelestis
701 1066 871 1120 Patris
899 1064 1064 1117 ﬁlium
1092 1059 1433 1116 exosculatus
1458 1065 1562 1120 est,
1595 1065 1887 1122 pacemque
1911 1047 2016 1118 ipsi

437 1175 501 1213 nc
526 1159 902 1226 sempiternam
933 1154 1157 1208 salutem
1208 1158 1475 1220 precatus,
1504 1163 1570 1203 ex
1615 1145 1732 1199 aula
1763 1141 2020 1205 excessit,

440 1250 698 1316 laetusque
728 1246 876 1310 abiit,
909 1243 1107 1313 gratias
1139 1243 1248 1295 Deo
1285 1254 1470 1308 agens,
1521 1238 1677 1307 cujus
1716 1236 1895 1289 favore
1925 1234 2026 1286 iter

441 1339 543 1407 ipsi
574 1352 644 1391 ex
672 1336 836 1389 animi
865 1333 1129 1389 sententia
1173 1339 1530 1385 successerat.

514 1429 642 1483 CAP.
674 1425 842 1481 XXII.
873 1454 942 1465 —-
969 1423 1226 1492 Josaphat
1264 1428 1441 1475 autem
1463 1461 1477 1483 ,
1510 1427 1852 1488 posteaquam
1901 1413 2031 1469 exiit

443 1519 728 1584 Barlaam,
774 1517 1021 1585 precibus
1050 1529 1168 1568 sese
1199 1513 1375 1577 dedit,
1421 1509 1905 1577 calentissimisque
1949 1504 2029 1558 la-

445 1611 648 1677 crymis
675 1607 909 1678 profusis
959 1605 1026 1659 ad
1063 1605 1203 1657 hunc
1240 1604 1458 1658 modum
1502 1602 1710 1655 locutus
1740 1609 1860 1654 est:
1893 1597 2033 1650 Deus

448 1700 503 1754 in
528 1699 848 1768 adjutorium
875 1710 1050 1750 meum
1078 1693 1313 1760 intende,
1349 1693 1566 1747 Domine
1589 1691 1654 1745 ad
1672 1689 2031 1758 adjuvandum

2117 514 2218 568 que
2248 497 2414 566 ipsius
2444 506 2639 550 statum
2663 503 2909 548 accurate
2930 490 3348 551 considerasset,
3381 502 3494 556 regt
3515 489 3707 542 confe-

2119 590 2241 642 sum
2292 588 2566 653 indicavit,
2622 587 2780 656 293
2829 600 2890 640 se
2934 583 3065 638 nihil
3108 580 3251 652 quod
3309 581 3554 634 morbum
3602 578 3710 648 ipsi

2121 689 2421 734 accerseret
2443 678 2495 732 in
2518 693 2582 731 eo
2605 677 2841 745 reperire
2865 675 3131 745 potuisse;
3154 686 3216 726 ac
3247 672 3471 740 proinde
3495 673 3565 724 ita
3591 673 3711 726 exi-

2119 771 2343 823 stimare
2370 785 2490 823 eum
2521 769 2701 835 aliquo
2726 767 2889 820 animi
2920 780 3150 822 maerore
3203 764 3452 818 allectum
3481 763 3534 816 in
3561 778 3709 818 mor—

2126 864 2247 916 bum
2281 861 2550 915 incidisse.
2584 861 2691 912 Rex
2722 867 2897 911 autem
2930 857 3015 911 his
3036 855 3212 910 verbis
3241 854 3458 916 auditis,
3493 854 3595 907 hoc
3626 868 3713 907 ar.

2124 954 2347 1006 bitratus
2387 960 2472 1004 est
2518 966 2638 1004 eum
2686 964 2716 1002 a
2760 949 2867 1002 ﬁlio
2908 948 3149 1017 aSperius
3187 954 3466 1015 acceptum
3517 945 3711 1010 fuisse,

2131 1056 2289 1115 atque
2335 1045 2434 1098 hac
2483 1043 2550 1097 de
2605 1055 2764 1095 causa
2815 1048 3074 1106 concepto
3105 1050 3342 1092 monere
3397 1035 3712 1089 recessisse.

2126 1136 2387 1203 Quidnam
2441 1142 2619 1185 autem
2677 1131 2727 1184 id
2775 1137 2920 1184 esset
2964 1126 3216 1196 deinceps
3269 1126 3408 1180 scire
3455 1125 3711 1192 cupiens,

2128 1229 2355 1282 Zardani
2385 1241 2444 1280 se
2474 1240 2622 1289 eum,
2644 1233 2701 1278 ut
2724 1222 2897 1277 oborti
2927 1221 3098 1276 morbi
3126 1234 3342 1275 causam
3373 1219 3712 1289 intelligeret,

2130 1321 2363 1376 crastino
2386 1320 2471 1373 die
2493 1319 2784 1372 invisorum
2810 1314 3148 1384 signiﬁcavit.

2204 1411 2413 1465 Zardan
2442 1421 2619 1464 autem
2673 1409 2828 1477 hujus
2861 1405 3106 1477 promissi
3135 1406 3331 1461 certior
3369 1404 3562 1468 factus,
3602 1413 3716 1459 sta-

2134 1504 2227 1557 tim
2259 1511 2316 1555 ut
2341 1502 2549 1563 diluxit,
2583 1498 2905 1554 indumentis
2932 1497 3197 1566 acceptis.
3228 1497 3293 1550 ad
3337 1513 3516 1565 regem
3557 1496 3717 1564 profi«

2133 1594 2372 1657 ciscitur,
2403 1606 2632 1660 eumque
2681 1591 2841 1645 simul
2888 1599 3047 1659 atque
3101 1590 3372 1659 ingressus
3419 1597 3524 1656 est,
3573 1589 3719 1643 humi

2138 1692 2436 1752 prostratus
2475 1685 2737 1736 adoravit.
2780 1681 2892 1735 Rex
2939 1690 3115 1738 autem
3162 1698 3174 1735 :
3211 1681 3369 1746 Quid,
3404 1682 3593 1751 inquit,
3625 1680 3720 1735 tibi

451 1805 538 1844 me
573 1789 768 1842 festina
797 1787 968 1857 (Psal.
1004 1786 1173 1855 thx).
1200 1785 1461 1852 Quoniam
1495 1783 1590 1836 tibi
1637 1782 1926 1836 derelictus
1952 1787 2032 1833 est
2066 1788 2112 1848 Β
2139 1778 2242 1831 vim
2271 1775 2516 1844 attulisti,
2544 1784 2601 1829 ut
2641 1774 2707 1828 ad
2756 1789 2842 1829 me
2870 1774 3195 1830 accederes?
3221 1775 3351 1829 Nam
3391 1775 3508 1844 ipse
3551 1776 3618 1830 ad
3670 1783 3724 1830 to

453 1896 697 1951 pauper:
732 1880 974 1948 orphano
1007 1889 1059 1932 tu
1090 1879 1196 1932 eris
1229 1877 1438 1946 adjutor
1469 1874 1638 1944 (Psal.
1676 1874 1775 1945 ix).
1810 1872 2035 1939 Respice

451 1972 504 2024 in
539 1985 645 2035 me,
677 1979 728 2023 et
756 1973 1013 2024 miserere
1036 1968 1138 2022 mei
1169 1966 1336 2037 (Psal.
1369 1965 1595 2037 Lxxxv),
1626 1966 1715 2035 qui
1739 1979 1926 2018 omnes
1957 1963 2036 2017 vis

453 2061 633 2115 salvos
681 2059 834 2125 fieri,
885 2068 940 2114 et
981 2057 1047 2114 ad
1094 2058 1419 2127 agnitionem
1465 2059 1707 2111 veritatis
1736 2057 1920 2110 venire
1948 2053 2032 2125 (ll

455 2157 595 2213 Tim.
628 2158 688 2227 ι).
719 2157 883 2212 Serva
916 2171 1025 2222 me,
1056 2171 1257 2224 quaso,
1288 2154 1560 2223 indignum
1591 2152 1719 2206 licet
1748 2152 2039 2205 homuncu-

454 2250 590 2315 lum,
615 2262 772 2319 atque
797 2251 1110 2316 corrobora,
1140 2258 1197 2302 ut
1230 2249 1280 2301 in
1324 2258 1629 2302 sanctorum
1670 2246 2039 2300 mandatorum

460 2353 671 2397 tuorum
702 2344 782 2396 ria
809 2342 1099 2396 ambulem.
1131 2342 1391 2408 Quoniam
1421 2356 1521 2410 ego
1552 2338 1829 2394 imbecillis
1854 2353 1915 2392 ac
1946 2338 2042 2392 mi-

457 2450 546 2490 ser
569 2449 708 2502 sum,
726 2450 835 2512 [nec
856 2437 920 2489 iis
943 2435 1164 2501 viribus,
1187 2444 1246 2489 ut
1267 2437 1391 2490 boni
1414 2435 1702 2504 quidquam
1727 2436 1906 2489 facere
1931 2449 2046 2502 pos-

460 2527 583 2580 sim.
613 2525 692 2580 Tu
721 2541 850 2581 vero
880 2527 1108 2582 salutem
1143 2528 1270 2582 mihi
1304 2527 1500 2582 all‘erre
1525 2538 1696 2596 potes,
1731 2528 1817 2598 qui
1843 2526 2043 2590 omnia,

460 2624 573 2670 tam
605 2633 726 2684 quae
755 2619 924 2672 oculis
944 2629 1236 2673 cernuntur
1257 2634 1414 2688 quam
1445 2635 1563 2687 quae
1585 2620 1729 2674 cerui
1753 2627 2046 2686 nequeunt,

461 2704 708 2763 contines
737 2718 895 2778 atque
924 2724 1230 2764 conservas.
1267 2710 1344 2766 Ne
1374 2726 1460 2764 tne
1492 2720 1610 2778 post
1644 2708 1912 2777 improbas
1932 2723 2049 2761 car-

463 2798 548 2851 nis
574 2813 705 2852 mea:
728 2801 1029 2855 voluntates
1051 2800 1200 2854 abire
1223 2803 1368 2866 sine;
1398 2815 1583 2855 verum
1607 2800 1739 2854 doce
1763 2815 1848 2852 tne
1871 2800 2049 2853 facere

462 2888 788 2944 voluntatem
817 2900 959 2945 tuam
991 2889 1163 2959 (Psal.
1189 2891 1377 2963 cxut),
1402 2901 1562 2962 atque
1589 2893 1638 2944 in
1666 2888 2047 2959 sempiternam

462 2995 526 3034 ac
551 2980 760 3036 beatam
790 2986 949 3038 vitam
983 2999 1069 3039 me
1097 2999 1378 3039 conserva.
1412 2985 1455 3040 0
1501 2984 1690 3048 Pater,
1723 2992 1777 3037 et
1820 2982 1938 3046 Fili,
1998 2989 2052 3035 et

467 3069 644 3126 divine
670 3072 921 3142 Spiritus.
950 3074 1439 3138 consubstantialis,
1466 3088 1528 3129 ac
1550 3071 1827 3128 divisionis
1853 3083 2052 3137 expers

2142 1866 2428 1937 proficisci,
2454 1882 2737 1935 meumque
2761 1881 2885 1935 erga
2919 1877 2970 1919 te
2996 1881 3232 1921 amorem
3259 1868 3501 1921 omnibus
3530 1867 3716 1922 decla-

2140 1973 2259 2012 rare
2287 1958 2336 2012 in
2363 1958 2542 2012 animo
2574 1959 2854 2012 habebam.
2887 1959 2981 2014 llle
3013 1967 3192 2012 autem
3230 1959 3496 2027 respondit
3524 1976 3539 2013 :
3567 1959 3716 2013 Mor-

2144 2053 2241 2106 bus
2271 2067 2443 2119 meus,
2474 2067 2507 2107 ο
2537 2069 2651 2119 rex,
2697 2068 2801 2106 non
2852 2067 2916 2107 ex
2947 2067 3133 2106 eorum
3165 2067 3384 2106 numero
3407 2063 3489 2106 est
3527 2053 3726 2121 quibus

2143 2147 2387 2200 homines
2429 2147 2673 2201 laborare
2701 2146 2905 2210 solent,
2940 2161 3127 2200 verum
3166 2160 3230 2199 ex
3279 2145 3443 2198 animi
3474 2144 3728 2199 maestitia

2144 2247 2196 2291 et
2224 2238 2496 2292 anxietate
2524 2236 2690 2291 corde
2729 2236 2780 2288 in
2814 2237 3052 2291 dolorem
3082 2236 3332 2304 prolapso
3359 2248 3552 2301 corpus
3595 2249 3732 2304 quo-

2144 2341 2248 2395 que
2285 2327 2579 2381 condoluit.
2604 2328 2867 2380 Amentia:
2899 2341 3059 2395 porro
3083 2327 3211 2380 mihi
3234 2326 3536 2380 ducendum
3563 2337 3727 2389 esset,

2145 2418 2190 2470 si
2224 2433 2342 2472 cum
2367 2418 2435 2471 ita
2469 2433 2553 2471 me
2585 2417 2857 2483 haberem,
2895 2434 2998 2471 non
3041 2424 3100 2471 ut
3128 2432 3342 2471 servum
3373 2417 3549 2480 decet,
3575 2419 3641 2470 ad
3676 2426 3731 2469 te

2146 2507 2458 2562 accederem
2478 2548 2493 2573 ,
2519 2522 2703 2562 verum
2728 2517 2783 2561 ut
2804 2510 2948 2578 regia
2974 2517 3057 2561 tua
3085 2507 3337 2576 majestas
3362 2507 3427 2560 ad
3451 2522 3537 2560 me
3562 2507 3732 2560 famu-

2149 2601 2256 2654 lum
2281 2600 2638 2655 venienssese
2661 2601 2923 2670 fatigaret,
2953 2610 3342 2669 exspectarem.
3376 2601 3736 2655 Percontaute

2148 2703 2323 2744 autem
2355 2706 2479 2760 rege
2509 2691 2759 2759 quidnam
2790 2706 2913 2745 eum
2948 2692 3002 2745 in
3034 2691 3175 2746 hunc
3219 2705 3507 2747 maerorem
3547 2690 3736 2759 conje-

2149 2782 2329 2846 cisset,
2366 2782 2700 2849 respondens
2727 2782 2937 2836 Zardan
2973 2801 2986 2836 :
3018 2783 3282 2854 Magnum,
3309 2784 3497 2853 inquit,
3530 2784 3738 2852 pericu-

2151 2877 2258 2930 lum
2292 2876 2424 2930 mihi
2472 2877 2763 2944 impendet,
2797 2879 3110 2947 magnisque
3139 2877 3414 2945 suppliciis
3453 2891 3516 2931 ac
3561 2876 3741 2931 multis

2154 2968 2340 3021 mortis
2370 2967 2654 3036 generibus
2679 2967 2896 3037 dignum
2928 2983 3013 3022 me
3038 2982 3290 3037 agnosco,
3324 2967 3576 3036 quoniam
3606 2983 3742 3037 pra:-

2155 3060 2324 3128 ceptis
2351 3062 2454 3115 tuis
2484 3062 2813 3131 negligenter
2838 3060 3182 3130 obsequendo
3213 3062 3485 3131 ingentem
3517 3063 3607 3116 tibi
3628 3061 3650 3130 j
3673 3076 3743 3115 tm

467 3141 750 3228 Divinitas,
776 3175 826 3220 te
849 3166 1060 3229 invoco,
1094 3175 1147 3220 te
1175 3164 1343 3234 gloria
1374 3163 1570 3218 afficio.
1603 3164 1680 3217 Te
1703 3163 1849 3217 enim
1875 3160 2056 3215 laudat
2081 3141 2127 3201 Ο
2157 3153 2373 3222 jamque
2398 3167 2684 3207 maerorem
2715 3153 2992 3206 accersivi.

462 3254 717 3323 quidquid
749 3265 985 3309 creatum
1036 3263 1150 3322 est,
1181 3270 1243 3308 ac
1287 3263 1340 3308 te
1366 3254 1536 3322 gloria
1565 3250 1806 3307 afficiunt
1849 3250 2060 3304 intelle-

471 3349 673 3403 ctualcs
731 3363 794 3404 ac
837 3362 1061 3418 corpore
1117 3355 1371 3402 vacantes
1423 3347 1654 3402 virtutes
1711 3347 1764 3399 in
1839 3346 2054 3400 sa-eula.

473 3440 660 3494 Arnen.

543 3531 807 3599 Deinceps
832 3529 994 3599 igitur
1020 3545 1176 3600 quam
1222 3527 1634 3601 diligentissime
1664 3530 1899 3599 seipsum
1930 3544 2060 3584 con-

474 3622 744 3687 servabat,
777 3629 936 3691 atque
965 3621 1034 3673 ita
1065 3620 1432 3688 comparabat,
1467 3628 1524 3673 ut
1553 3627 1608 3673 et
1636 3620 1824 3672 anima:
1855 3629 1908 3672 et
1933 3634 2056 3674 cor-

475 3715 619 3784 poris
667 3713 950 3782 puritatem
993 3712 1313 3781 acquireret,
1343 3721 1502 3780 atque
1533 3710 1585 3764 in
1613 3712 1962 3775 continentia,
2004 3723 2060 3764 et

476 3806 827 3869 orationibus,
886 3802 1468 3868 ohsecrationibusque,
1518 3815 1613 3870 per
1666 3811 1834 3855 totum
1885 3801 2061 3855 noctis

477 3895 802 3948 curriculum
835 3906 958 3946 sese
993 3891 1422 3959 prorogantibus,
1457 3891 1623 3945 vitam
1654 3891 1894 3946 duceret.
1924 3891 2056 3945 Nam

479 3999 600 4038 cum
645 3982 961 4050 plerumque
990 3979 1182 4033 diurno
1213 3988 1476 4047 tempore,
1513 3989 1620 4033 tum
1654 3982 1722 4033 ob
1749 3996 1933 4035 eorum
1967 3981 2060 4049 qui

480 4089 598 4128 cum
631 4073 746 4139 ipso
777 4069 1149 4130 versabantur,
1180 4070 1610 4136 contubernium,
1639 4080 1745 4124 tum
1777 4073 1937 4125 etiam
1977 4072 2059 4125 in-

482 4168 692 4221 terdum
720 4163 788 4217 ob
812 4162 952 4231 regis
983 4162 1047 4214 ad
1080 4175 1202 4214 eum
1233 4175 1530 4228 accessum,
1565 4172 1655 4216 aut
1684 4163 1823 4233 quod
1854 4163 1968 4231 ipse
1995 4165 2061 4216 ab

482 4275 548 4322 eo
575 4257 860 4322 acciretur,
893 4267 1013 4308 sese
1055 4252 1367 4319 interrumpi
1396 4252 1618 4318 videret,
1646 4268 1750 4307 nox
1774 4253 1892 4322 ipsi,
1924 4254 2062 4323 quod

481 4349 588 4405 diei
611 4349 817 4411 deerat,
848 4343 1148 4412 supplebat,
1179 4352 1236 4395 ut
1264 4344 1349 4412 qui
1376 4343 1429 4396 in
1461 4344 1706 4412 precibus
1737 4354 1790 4398 et
1816 4345 2064 4414 lacryntis

484 4442 552 4497 ad
582 4439 876 4496 diluculum
909 4450 1077 4504 usque
1107 4443 1294 4498 staret,
1326 4448 1388 4487 ac
1418 4435 1510 4488 Dei
1548 4449 1704 4504 Opem
1734 4435 2060 4502 imploraret.

2237 3243 2464 3297 Rursum
2493 3252 2667 3298 autem
2695 3258 2760 3297 ex
2787 3257 2852 3297 eo
2880 3250 3154 3312 quaerente
3193 3257 3318 3312 rege
3359 3257 3604 3307 quamam
3646 3242 3743 3296 bu-

2157 3336 2392 3407 jusmodi
2433 3337 2751 3406 negligentia
2779 3344 2943 3401 esset,
2977 3333 3032 3388 in
3059 3348 3218 3403 quam
3250 3332 3545 3398 incidisset,
3576 3335 3744 3402 quod-

2162 3446 2264 3500 que
2297 3428 2586 3498 periculum
2640 3426 2766 3482 illud
2813 3427 2866 3480 in
2917 3441 3022 3494 quo
3068 3434 3354 3479 versatur:
3399 3425 3452 3480 lu
3507 3427 3746 3480 custodia

2162 3523 2362 3577 domini
2390 3523 2492 3577 mei
2525 3521 2616 3575 lilii
2647 3521 2744 3585 tui,
2780 3520 2968 3588 inquit,
3001 3519 3355 3589 negligentem
3402 3535 3489 3573 me
3519 3521 3744 3589 praebui.

2162 3615 2183 3669 ι
2207 3614 2438 3684 uprobus
2467 3615 2610 3667 enim
2639 3612 2854 3680 quidam
2884 3626 2945 3666 ac
2971 3613 3328 3679 praestigiator
3358 3612 3651 3678 ingressus,
3679 3613 3747 3666 de

2161 3703 2478 3760 Christiana:
2518 3702 2788 3772 religionis
2833 3701 3075 3756 doctrina
3114 3702 3181 3755 ad
3221 3717 3342 3756 eum
3394 3705 3554 3755 verba
3599 3704 3745 3759 fecit.

2163 3796 2459 3864 Posteaque
2489 3793 2620 3864 regi,
2645 3807 2780 3860 quos
2804 3792 2868 3846 ad
2892 3792 3059 3861 ipsius
3082 3793 3246 3847 filium
3276 3807 3437 3846 senex
3469 3808 3745 3848 sermones

2163 3886 2436 3940 habuisset
2461 3885 2729 3956 sigillatim
2759 3884 3023 3951 exposuit,
3049 3893 3404 3954 quantamque
3429 3885 3515 3938 ille
3534 3900 3601 3940 ex
3618 3887 3746 3954 ipsis

2163 3979 2488 4046 voluptatem
2521 3979 2770 4046 cepisset,
2800 3979 3050 4047 quodque
3078 3992 3292 4046 prorsus
3318 3975 3531 4032 Christo
3559 3992 3619 4033 se
3661 3979 3758 4032 ad-

2163 4071 2405 4125 dixisset.
2460 4070 2597 4137 Quin
2649 4071 2807 4125 etiam
2858 4072 3002 4126 senis
3058 4087 3252 4127 nomen
3299 4072 3397 4140 ipsi
3451 4073 3746 4142 iudicavit,

2167 4161 2405 4214 Barlaam
2450 4161 2621 4229 ipsum
2654 4160 2951 4230 nuncupari
2980 4160 3185 4215 dicens.
3219 4160 3352 4215 Nam
3385 4162 3546 4216 etiam
3593 4173 3750 4220 antea

2166 4267 2258 4306 rex
2307 4252 2374 4306 de
2403 4251 2669 4316 Barlaam,
2704 4265 2766 4304 ac
2791 4264 2999 4306 summa
3028 4251 3289 4320 religiosa:
3321 4254 3485 4317 ipsius
3516 4254 3638 4308 vitae
3666 4268 3753 4308 as-

2170 4344 2418 4411 peritate,
2465 4343 2630 4396 multa
2679 4341 2952 4397 auditione
2997 4353 3297 4410 acceperat.
3337 4344 3402 4398 Ut
3430 4354 3606 4398 autem
3638 4347 3752 4400 lure

2168 4436 2233 4488 ad
2263 4437 2400 4503 regis
2429 4448 2586 4488 aures
2616 4443 2990 4503 pervenerunt,
3023 4443 3200 4490 tantus
3222 4438 3268 4490 ei
3302 4450 3503 4490 mteror
3529 4438 3752 4493 obortus

486 4532 641 4588 Unde
669 4528 831 4585 etiam
863 4527 1171 4596 prophetica
1201 4525 1290 4579 illa
1325 4539 1427 4578 vox
1466 4524 1518 4579 in
1567 4526 1681 4594 ipso
1707 4527 2022 4593 implebatur
2049 4543 2061 4578 :
2095 4509 2145 4567 Ῑ)
2170 4537 2272 4590 est,
2314 4537 2371 4581 ut
2400 4536 2541 4582 totus
2568 4536 2961 4590 concuterctur,
2998 4529 3270 4584 iracundia
3299 4541 3568 4595 aestuaret,
3595 4542 3754 4600 atque

485 4625 544 4680 ln
578 4619 826 4678 noctibus
851 4617 1090 4672 extollite
1121 4630 1308 4669 manus
1335 4626 1541 4671 vestras
1570 4616 1624 4670 in
1655 4627 1863 4684 sancta,
1888 4627 1940 4672 et
1968 4617 2064 4672 be-

484 4712 716 4769 nedicite
738 4708 1018 4762 Dominum
1053 4704 1221 4776 (Psal.
1248 4706 1434 4775 exui).-

562 4803 771 4860 Zardan
798 4810 977 4855 autem
1019 4798 1129 4861 ille,
1160 4812 1278 4851 cum
1305 4796 1606 4866 lmjusmodi
1637 4797 1804 4866 ipsius
1831 4798 1952 4852 vitae
1981 4813 2067 4852 ra-

486 4901 690 4954 tionem
723 4894 1093 4955 intellexisset,
1122 4905 1433 4960 summaque
1459 4891 1582 4946 inde
1605 4891 1856 4946 maestitia
1889 4895 2074 4947 allice-

489 4999 662 5054 retur,
693 4986 1049 5058 gravibusque
1078 4983 1239 5035 animi
1283 4983 1426 5035 curis
1455 4993 1757 5047 vexaretur,
1811 4997 1908 5037 nec
1944 4982 2069 5050 quid

491 5082 690 5134 laceret
727 5078 967 5142 haberet,
1018 5073 1084 5127 ad
1136 5082 1437 5128 extremum
1483 5089 1713 5129 mmrore
1759 5089 2071 5143 oppressus,

489 5170 739 5225 simulato
761 5167 969 5230 tnorbo,
1009 5167 1059 5219 in
1092 5180 1214 5218 suas
1241 5168 1383 5219 aedes
1408 5167 1694 5220 concessit.
1722 5166 1872 5233 Quod
1899 5176 1955 5220 ut
1979 5183 2072 5221 rex

491 5260 774 5330 comperit,
817 5259 978 5312 alium
1019 5257 1301 5325 quemdam
1343 5273 1408 5311 ex
1453 5257 1559 5325 his,
1609 5273 1743 5327 quos
1783 5258 2072 5315 ﬁdissimos

493 5352 747 5414 habebat,
780 5349 945 5412 misit,
973 5347 1062 5415 qui
1092 5347 1254 5415 ipsius
1287 5349 1404 5402 loco
1442 5349 1551 5402 lilio
1579 5349 1921 5403 ministraret.
1955 5350 2071 5419 Ipse

490 5453 670 5500 autem
698 5439 1017 5495 valetudinis
1047 5437 1304 5492 Zardanis
1339 5454 1520 5492 curam
1552 5455 1763 5508 gerens,
1791 5441 2077 5495 ce’eberri-

495 5550 639 5593 mum
666 5532 733 5588 ad
768 5546 890 5588 eum
931 5529 1197 5585 medicum
1236 5529 1419 5594 mittit,
1453 5545 1685 5601 eumque
1721 5541 1778 5585 ut
1813 5547 2073 5588 summam

494 5628 560 5684 sd
595 5625 758 5695 ipsius
783 5624 1115 5678 curationem
1153 5619 1564 5677 sollicitudinem
1609 5625 1859 5681 adhibeat
1900 5641 2102 5697 rogat..

568 5719 805 5776 Iedicus
835 5715 1018 5787 igitur,
1046 5710 1298 5783 quoniam
1326 5726 1448 5768 eum
1479 5715 1589 5784 regi
1620 5727 1826 5786 gratum
1852 5729 1904 5775 et
1927 5735 2077 5778 acce-

2170 4617 2271 4672 hoc
2303 4620 2488 4672 uuutio
2537 4633 2671 4686 pene
2698 4619 3114 4674 exanimaretur.
3151 4621 3228 4676 Ac
3275 4623 3454 4676 statim
3507 4624 3754 4680 Arachen

2169 4710 2450 4778 quemdam
2471 4751 2486 4775 ,
2515 4712 2605 4780 qui
2637 4711 2799 4766 etiam
2830 4713 3122 4767 secundum
3151 4716 3218 4769 ab
3242 4731 3308 4770 eo
3337 4717 3607 4785 dignitatis
3631 4734 3757 4788 gra-

2170 4799 2298 4854 dum
2324 4803 2618 4868 obtinebat,
2645 4805 2952 4873 primusque
2985 4807 3036 4858 in
3058 4808 3307 4862 omnibus
3334 4811 3546 4863 arcanis
3571 4814 3756 4865 consi-

2173 4885 2258 4945 liis
2288 4902 2423 4959 erat,
2455 4908 2519 4947 ac
2559 4902 2816 4964 praeterea
2849 4899 3150 4967 astrologia:
3179 4900 3464 4954 scientiam
3513 4903 3756 4969 tenebat,

2177 4983 2240 5035 ad
2269 4997 2326 5036 se
2356 4985 2569 5055 accivit,
2601 4985 2756 5054 eique
2784 5000 2976 5057 magno
3002 5003 3124 5042 cum
3152 5005 3384 5045 maerore
3405 5003 3565 5062 atque
3591 4995 3757 5050 animi

2175 5077 2604 5130 consternatione
2649 5077 2791 5146 quod
2838 5080 3111 5134 acciderat
3156 5083 3410 5136 narravit.
3455 5084 3547 5137 Ille
3575 5094 3758 5140 autem

2175 5166 2342 5234 ipsius
2365 5168 2762 5236 perturbatione
2791 5170 3059 5239 animique
3085 5172 3400 5228 confusione
3422 5185 3710 5243 conspecta
3743 5196 3754 5229 :

2174 5261 2384 5326 Moesto,
2416 5261 2605 5328 inquit,
2635 5277 2667 5315 ο
2698 5277 2818 5325 rex,
2861 5277 2924 5317 ac
2957 5265 3268 5330 perturbato
3295 5268 3474 5319 animo
3506 5283 3628 5322 esse
3665 5269 3761 5324 de-

2177 5351 2328 5416 sine;
2354 5366 2525 5419 neque
2544 5349 2686 5405 enim
2711 5367 2795 5405 me
2824 5352 2994 5420 ipsum
3016 5357 3083 5408 de
3109 5357 3372 5427 sententia
3399 5356 3759 5414 deducturum

2178 5442 2381 5507 diffide,
2414 5443 2539 5512 quin
2573 5445 2745 5513 potius
2776 5443 2901 5501 illud
2952 5447 3308 5502 certissimum
3364 5448 3555 5514 habeo,
3608 5451 3760 5506 brevi

2180 5536 2292 5590 fore
2323 5547 2374 5589 ut
2403 5538 2492 5589 ille
2524 5536 2829 5604 impostoris
2861 5537 3005 5592 illius
3032 5539 3327 5595 doctrinam
3362 5541 3596 5613 abjuret.
3624 5554 3765 5598 tua:-

2179 5644 2281 5696 que
2307 5629 2557 5683 voluntati
2586 5645 2790 5684 rnorem
2816 5641 2983 5702 gerat.

2250 5719 2379 5773 Cum
2413 5721 2568 5789 igitur
2596 5722 2676 5777 his
2705 5722 2877 5777 verbs
2909 5727 3141 5782 Araches
3172 5742 3350 5798 regem
3382 5729 3448 5784 ad
3479 5728 3644 5785 animi
3677 5729 3762 5782 bi.
