4010 6250
735 415 896 474 νιτΑ
937 416 1351 476 SANCTORUM
1397 417 1725 475 BARLAAM
1767 419 1841 474 Eli

1947 419 2098 476 [ΙΤίΕ
2139 424 2225 480 ΕΤ
2264 425 2618 483 JOSAPHAT
2659 427 2865 485 INDIE
2909 432 3130 488 REGIS.

3428 438 3532 492 530

275 534 537 592 Isritatem
575 536 947 602 convertisset,
977 537 1043 590 ad
1075 537 1380 604 huiusmodi
1429 539 1625 608 negotii
1675 539 1850 594 consi-
1878 543 1921 598 A
1951 545 2150 610 specie,
2180 554 2291 599 tum
2322 544 2505 600 habitu
2537 547 2888 612 venerandos,
2921 549 3278 618 solitarizeth
3324 554 3533 609 exerclo

270 627 602 683 derationem
631 628 866 682 animum
895 626 1107 696 adjecit.
1139 630 1218 683 Ac
1248 630 1499 698 primum,
1531 647 1564 685 o
1602 646 1693 685 rex
1719 674 1731 695 ,
1764 632 1844 685 in-

268 719 400 789 quit,
450 719 552 773 hoc
597 733 816 787 agamus
867 737 879 772 :
931 719 1124 774 demus
1172 737 1387 790 operam
1437 732 1493 776 ut
1543 723 1849 791 pestiferum

270 810 415 864 illum
449 807 690 863 Barlaam
727 809 1066 880 arripiamus.
1100 811 1252 878 Quod
1293 813 1334 867 si
1379 828 1788 882 consequamur,
1821 829 1848 866 a

267 913 454 968 scopo,
485 899 612 953 mihi
644 899 822 963 crede,
854 915 957 953 non
991 901 1380 964 aberrabimus.
1412 919 1512 956 nec
1542 919 1638 971 spe
1670 914 1848 959 nostra

267 991 531 1046 fallemur.
564 993 692 1046 Nam
719 994 807 1049 ille
836 994 971 1062 ipse,
1004 1004 1095 1048 aut
1121 997 1299 1051 verbis
1329 998 1393 1050 ad
1420 997 1849 1066 persuadendum

267 1083 680 1137 accommodatis
705 1126 720 1150 ,
748 1093 840 1137 aut
871 1085 1028 1138 variis
1061 1095 1444 1141 tormentorum
1480 1088 1851 1144 instrumentis

268 1174 545 1242 liiipulsus.
571 1175 766 1228 invitus
787 1174 947 1228 etiam
972 1190 1033 1229 ac
1064 1191 1388 1245 repugnans,
1415 1177 1542 1233 falsa
1574 1189 1627 1233 et
1648 1180 1849 1234 erroris

266 1263 420 1334 plena
452 1264 608 1318 verba
655 1279 750 1319 sua
797 1280 917 1320 esse
963 1267 1336 1332 conﬁtebitur,
1370 1278 1527 1338 atque
1573 1269 1867 1324 dominum

266 1370 442 1410 meum
477 1356 637 1410 ﬁlium
684 1366 831 1410 tuum
863 1359 931 1412 de
961 1360 1222 1412 sententia
1254 1360 1562 1428 dimovebit,
1592 1360 1848 1415 adducet-

264 1462 366 1516 que
397 1455 455 1500 ut
493 1447 655 1516 patris
694 1448 1036 1518 dogmatibus
1083 1450 1316 1516 haereat;
1350 1453 1430 1506 sin
1474 1463 1650 1506 autem
1699 1454 1844 1519 illum

264 1538 505 1606 arripere
523 1554 871 1608 nequeamus,
896 1543 1055 1595 alium
1078 1557 1176 1611 ego
1200 1557 1380 1598 senem
1394 1545 1674 1599 eremitam
1699 1547 1841 1613 novi,

263 1625 476 1683 Nachor
509 1631 743 1696 nomine,
773 1632 863 1701 qui
892 1633 1166 1687 Barlaamo
1191 1636 1259 1688 ita
1293 1650 1511 1702 prorsus
1533 1637 1722 1691 similis
1740 1648 1842 1703 est,

263 1729 319 1774 ut
348 1722 433 1774 vix
465 1721 531 1776 ab
562 1722 650 1775 illo
696 1725 980 1777 internosci
1013 1725 1202 1793 possit.
1252 1726 1348 1779 llic
1393 1742 1550 1794 porro
1599 1729 1843 1783 eamdem

262 1813 537 1868 nobiscum
567 1814 862 1870 doctrinam
887 1817 1180 1881 proﬁtetur,
1211 1833 1437 1887 eumque
1463 1822 1515 1873 in
1546 1821 1840 1875 mathema‘

1957 635 2173 690 tationis
2221 646 2374 691 notas
2415 638 2466 691 in
2523 638 2669 693 vultu
2719 637 2974 707 ferentes,
3024 644 3526 712 comprehendunt,

1953 733 2299 795 raptatosque
2327 728 2519 782 Arachi
2551 729 2826 794 exhibent,
2853 731 2931 784 sic
2959 731 3138 785 animo
3167 742 3528 800 comparatos,

1955 827 2010 872 ut
2041 834 2137 873 nec
2167 819 2274 874 ullo
2304 820 2464 875 modo
2510 822 2966 891 perturbarentur,
3001 838 3098 879 nec
3140 825 3386 894 ignavum
3434 825 3532 880 ali-

1953 908 2079 977 quid
2123 924 2185 964 ac
2226 910 2377 966 triste
2405 912 2487 966 vel
2518 924 2626 980 pra:
2654 926 2712 966 se
2753 912 2972 978 ferrent,
3020 915 3104 968 vel
3151 914 3522 983 loquerentur.

1952 1000 2049 1065 Qui
2082 1011 2256 1055 autem
2289 1000 2431 1070 ipsos
2462 1017 2650 1057 omnes
2677 1012 2925 1072 tanquam
2952 1004 3174 1059 antistes
3198 1005 3439 1073 praeibat,
3463 1019 3531 1060 ex

1952 1092 2124 1146 cilicio
2179 1103 2483 1147 contextam
2544 1108 2765 1161 peram,
2816 1096 3170 1163 quorumdam
3220 1105 3528 1149 sanctorum

1953 1183 2187 1245 Patrum.
2217 1186 2303 1253 qui
2332 1201 2396 1239 ex
2447 1185 2545 1239 hac
2573 1185 2678 1238 vita
2707 1185 3082 1254 discesserant,
3117 1185 3353 1255 reliquiis
3399 1201 3528 1242 con-

1951 1271 2138 1326 fertam
2170 1273 2432 1342 gestabat.

2020 1361 2339 1430 Conspectis
2367 1373 2542 1419 autem
2589 1365 2716 1433 ipsis
2766 1363 3041 1428 Araches,
3087 1371 3143 1416 ut
3192 1361 3526 1417 Barlaamum

1949 1454 2166 1506 minime
2196 1454 2324 1506 vidit
2356 1456 2501 1523 (nam
2548 1470 2666 1508 cum
2701 1455 2875 1525 norat)
2909 1468 3139 1508 maerore
3183 1446 3529 1507 conturbatus

1946 1552 2047 1606 est,
2080 1552 2238 1610 atque
2264 1544 2326 1597 ad
2359 1558 2453 1598 eos
2481 1543 2616 1599 dixit
2643 1561 2655 1597 :
2685 1545 2908 1599 Ubinam
2932 1553 3012 1597 est
3040 1544 3298 1610 impostor
3321 1542 3411 1596 ille
3437 1543 3528 1610 qul

1946 1638 2084 1707 regis
2110 1639 2269 1692 lilium
2302 1639 2353 1692 in
2382 1655 2620 1694 errorem
2654 1639 2904 1693 induxit?
2933 1638 2981 1694 ls
3010 1650 3188 1693 autem
3219 1640 3309 1708 qui
3343 1653 3524 1706 peram

1926 1729 2186 1796 ,geSIahat
2214 1730 2487 1796 respondit
2522 1747 2537 1784 :
2570 1729 2681 1784 Non
2712 1739 2793 1783 est
2825 1729 2913 1784 ille
2944 1731 3082 1784 inter
3113 1744 3232 1798 nos,
3264 1728 3403 1781 absit
3435 1728 3528 1795 (si-

1948 1821 2184 1889 quidem,
2215 1823 2409 1876 Christi
2441 1823 2607 1890 gratia
2639 1823 2840 1890 pulsus,
2874 1838 2902 1876 a
2935 1822 3087 1876 nobis
3119 1821 3305 1891 fugit),
3339 1833 3525 1874 verum

262 1904 417 1961 thicis
450 1906 755 1974 magisuum
795 1907 973 1961 habui.
1025 1909 1103 1962 Ad
1148 1909 1291 1964 hunc
1322 1911 1484 1977 igitur
1530 1927 1630 1981 ego
1680 1924 1838 1968 noctu
1873 1895 1918 1954 Β
1944 1913 2081 1980 apud
2115 1927 2209 1966 vos
2239 1913 2564 1968 domicilium
2598 1914 2775 1967 habet.
2810 1914 2939 1966 Eum
2986 1927 3132 1981 ergo,
3182 1911 3352 1982 inquit
3398 1911 3526 1974 dux,

260 2011 350 2049 me
387 1997 684 2062 conferam,
732 1997 886 2067 eique
932 1998 1109 2052 omnia
1155 1999 1420 2068 sigillatitn
1465 2015 1750 2068 exponam,
1781 2017 1844 2058 ac

257 2083 458 2137 deinde
489 2100 704 2139 rumore
730 2086 831 2140 hoc
860 2101 1070 2154 sparso,
1105 2088 1438 2142 Barlaamum
1466 2091 1672 2146 scilicet
1697 2106 1845 2146 com-

261 2173 589 2239 prehensum
619 2191 760 2242 esse,
790 2176 962 2246 ipsum
990 2179 1385 2233 exhibebimus.
1417 2179 1516 2246 Qui
1540 2182 1700 2234 etiam
1733 2183 1846 2249 ipse

261 2260 530 2316 Barlaami
569 2264 668 2319 sibi
717 2281 909 2321 nomen
939 2268 1257 2333 attribuens,
1309 2284 1368 2322 se
1416 2269 1842 2324 Christianorum

257 2365 415 2406 sacra
460 2356 642 2409 colere
667 2357 958 2422 simulabit,
991 2375 1159 2435 eaque
1204 2360 1399 2414 intueri
1449 2376 1512 2414 ac
1559 2361 1844 2417 defendere

257 2459 373 2514 prae
400 2461 459 2500 se
485 2444 639 2500 feret.
672 2450 748 2502 Ac
797 2460 1000 2516 postea,
1036 2454 1186 2519 longa
1236 2453 1592 2518 disputatione
1643 2453 1840 2517 habita,

258 2535 473 2588 tandem
507 2534 725 2602 fractus,
753 2553 943 2592 manus
983 2538 1150 2592 dabit.
1181 2539 1332 2605 Quod
1379 2555 1499 2592 cum
1531 2539 1672 2594 ﬁlius
1723 2551 1842 2595 tuus

258 2625 611 2693 perspexerit,
645 2626 744 2681 hoc
771 2637 874 2690 est,
909 2630 1238 2682 Barlaamum
1266 2630 1458 2683 victum
1478 2632 1620 2696 esse,
1655 2645 1717 2684 ac
1744 2632 1840 2686 do-

255 2715 488 2767 ctrinam
543 2722 777 2769 nostram
829 2717 1055 2785 palmam
1103 2717 1303 2783 tulisse,
1338 2733 1440 2771 non
1489 2729 1571 2773 est
1621 2720 1839 2776 dubium

253 2807 383 2875 quin
414 2808 479 2861 ad
512 2809 772 2862 victorum
804 2816 979 2876 partes
1008 2823 1128 2864 sese
1171 2808 1520 2876 adiuncturus
1547 2811 1636 2864 sit.
1669 2811 1838 2879 Quam

251 2896 414 2950 etiam
441 2897 505 2950 ad
546 2912 656 2951 rem
706 2897 846 2953 istud
888 2898 1061 2966 magni
1114 2900 1369 2953 momenti
1410 2909 1514 2964 est,
1559 2902 1702 2969 quod
1750 2902 1838 2957 ille

254 2987 588 3054 majestatem
619 2997 762 3040 tuam
794 2997 1027 3052 veretur,
1052 2988 1251 3056 tibique
1272 2989 1492 3057 obsequi
1518 3007 1838 3060 magnopere

251 3077 450 3130 studet.
485 3077 633 3132 Adde
662 3078 802 3147 quod
826 3078 914 3132 ille
943 3079 1104 3132 etiam
1135 3079 1222 3146 qui
1257 3080 1516 3133 Barlaami
1552 3097 1836 3149 personam

253 3176 439 3235 geret,
473 3167 766 3236 resipiscet,
799 3181 962 3236 seque
990 3168 1040 3221 in
1072 3182 1254 3222 errore
1297 3179 1562 3224 versatum
1595 3187 1714 3227 esse
1753 3173 1836 3227 af-

253 3256 506 3310 firmabit.

328 3347 443 3402 lloc
468 3361 717 3404 sermone
743 3363 834 3405 rex
867 3348 1161 3405 delectatus
1190 3360 1293 3417 est,
1330 3352 1666 3423 hominisque
1711 3371 1836 3412 con-

253 3438 438 3492 silium
475 3443 735 3506 optimum
786 3456 906 3496 esse
946 3441 1227 3511 judicavit,
1263 3444 1404 3497 inani
1454 3445 1700 3500 videlicet
1743 3460 1839 3515 spe

252 3530 431 3584 nixus.
482 3531 738 3597 Quocirca
786 3547 906 3587 cum
948 3533 1280 3588 Barlaamum
1330 3550 1501 3601 nuper
1551 3537 1839 3593 recessisse

251 3621 629 3683 coauperisset,
661 3634 781 3674 eum
826 3622 1281 3689 comprehendere
1320 3622 1622 3678 festinabat.
1659 3623 1839 3694 Itaque

251 3708 514 3762 militzbus
555 3723 616 3763 ac
662 3710 1062 3764 centurionibus
1119 3709 1314 3776 missis,
1369 3710 1546 3765 varios
1589 3713 1836 3768 itinerum

253 3801 434 3854 exitus
462 3803 759 3869 occupavit,
791 3816 854 3855 ea
883 3811 1058 3856 autem
1089 3803 1172 3855 via
1199 3819 1356 3871 quam
1380 3818 1447 3857 ex
1475 3805 1719 3860 omnibus
1748 3822 1837 3860 su-

251 3891 574 3956 spectiorem
601 3891 993 3960 habebat,ipse,
1018 3893 1327 3946 conscensis
1352 3893 1522 3962 cquis,
1548 3909 1666 3948 cum
1689 3897 1833 3950 omni

253 3980 534 4034 celeritate
565 3983 1001 4052 persequebatur,
1034 3992 1194 4051 atque
1223 3985 1366 4037 omni
1392 3986 1597 4040 ratione
1623 3988 1834 4056 assequi

251 4069 543 4138 cogitabat.
577 4071 860 4141 Ctelerum,
891 4087 1011 4127 cum
1042 4087 1133 4127 sex
1165 4081 1304 4128 totos
1327 4074 1438 4128 dies
1478 4075 1620 4129 inani
1651 4077 1835 4132 labore

253 4157 419 4228 294
448 4174 568 4214 sese
599 4161 886 4229 fatigasset,
918 4162 1032 4230 ipse
1077 4162 1291 4230 quidem
1326 4163 1376 4216 in
1421 4165 1567 4232 regio
1605 4165 1833 4233 quodam

252 4250 474 4317 palatio,
508 4251 647 4317 quod
678 4252 786 4304 ruri
818 4251 975 4305 situm
1005 4260 1141 4318 erat,
1170 4261 1430 4307 remanet.
1462 4255 1708 4308 Arachen
1737 4270 1835 4309 au-

252 4350 361 4394 tem
393 4356 515 4394 cum
546 4341 808 4410 equitibus
837 4341 974 4396 haud
1005 4342 1186 4411 paucis
1216 4343 1280 4395 ad
1313 4343 1479 4408 ipsam
1505 4360 1674 4414 usque
1697 4347 1834 4402 Sen-

253 4433 574 4487 naaritidem
616 4433 955 4487 solitudinem
997 4435 1344 4500 conquirendi
1376 4435 1638 4492 Barlaami
1677 4453 1834 4492 causa

255 4523 423 4578 misit.
455 4524 556 4590 Qui
585 4539 704 4578 cum
736 4523 802 4578 ad
841 4539 960 4579 eum
995 4525 1168 4579 locum
1202 4526 1564 4593 pervenisset,
1596 4529 1832 4582 omnium

255 4614 554 4667 incolarum
582 4616 789 4669 animos
819 4614 1177 4682 perturbath;
1206 4625 1363 4683 atque
1391 4632 1512 4671 cum
1543 4618 1618 4672 illi
1659 4620 1830 4675 virum
1864 4591 1912 4650 θ

253 4719 376 4759 eum
424 4720 452 4757 a
481 4720 539 4759 se
568 4704 738 4758 visunt
769 4720 886 4760 esse
932 4715 1235 4773 negassent,
1281 4707 1333 4760 in
1380 4709 1743 4776 solitudinem,
1779 4721 1836 4764 ut

257 4795 372 4864 pios
404 4795 546 4848 viros
580 4806 882 4860 venaretur,
909 4810 1027 4850 sese
1056 4797 1299 4850 contulit.
1329 4798 1568 4868 Cumque
1588 4801 1835 4855 solitudi-

255 4901 378 4940 nem
407 4886 550 4940 illam
595 4902 786 4956 tnagna
823 4902 887 4941 ex
936 4898 1081 4956 parte
1131 4900 1481 4958 peragrasset,
1515 4906 1578 4945 ac
1625 4901 1836 4946 montes

254 4978 534 5042 cinxisset,
549 4977 815 5046 vallesque
836 4978 1090 5046 quasdam
1114 4977 1332 5032 minime
1355 4979 1527 5044 tritas,
1543 4989 1598 5034 et
1617 4996 1836 5036 accessu

256 5069 523 5132 difficiles,
554 5083 672 5123 cum
701 5083 762 5121 ea
794 5069 1066 5122 hominum
1092 5083 1248 5122 manu
1278 5085 1434 5138 quam
1465 5085 1647 5125 secum
1675 5073 1835 5128 habe-

255 5160 364 5225 bat,
402 5159 626 5227 pedibus
655 5161 996 5228 pervasisset,
1026 5159 1092 5212 ad
1117 5161 1372 5214 tumulum
1400 5164 1680 5230 quemdam
1715 5180 1837 5232 pro-

257 5248 452 5317 fectus,
487 5250 539 5304 in
571 5252 685 5318 ejus
714 5250 925 5319 fastigio
952 5251 1295 5304 eremitarum
1328 5263 1552 5306 turmam
1582 5253 1833 5309 inambu-

257 5342 455 5395 lantem
483 5344 685 5405 cernit;
718 5344 963 5411 nullaque
995 5342 1309 5408 interposita
1351 5356 1519 5408 mora,
1551 5356 1642 5398 eos
1667 5345 1731 5398 ad
1777 5360 1836 5398 se

253 5433 445 5487 adduci
474 5433 646 5500 jubet.
687 5433 878 5486 Milites
927 5438 1102 5499 itaque
1153 5432 1433 5485 celerrimo
1463 5447 1642 5498 cursu,
1676 5444 1834 5501 atque

254 5522 345 5578 alii
377 5523 514 5577 alios
543 5532 873 5577 antevertere
894 5521 1308 5584 contendentes,
1334 5522 1594 5576 tumulum
1629 5534 1832 5590 petunt.

257 5611 442 5681 quue
472 5626 594 5664 cum
635 5611 1020 5677 pervenissent,
1072 5609 1536 5665 circumdederunt
1579 5625 1673 5665 eos
1723 5620 1837 5666 tan-

255 5717 414 5771 quam
443 5716 604 5756 canes
635 5700 785 5755 multi
817 5699 985 5772 (Paal.
1019 5703 1150 5770 xxi),
1185 5709 1274 5755 aut
1299 5711 1545 5770 tanquam
1572 5703 1837 5771 pestifera:

259 5793 503 5862 quadam
533 5799 590 5847 et
637 5792 893 5847 immanes
923 5790 1152 5858 bellua;
1186 5801 1344 5861 Itque
1375 5792 1519 5861 ipsos
1569 5801 1679 5848 tum
1725 5793 1836 5850 oris

1948 2002 2122 2056 nosti?
2149 2003 2331 2068 Certe,
2364 2004 2532 2071 inquit
2559 2005 2810 2067 ercmita,
2845 2019 2966 2057 eum
2995 2005 3081 2073 qui
3112 2005 3368 2071 impostor
3395 2002 3527 2055 dici-

1946 2099 2031 2146 tur
2059 2093 2202 2157 novi,
2228 2093 2328 2146 hoc
2356 2101 2437 2147 est
2467 2093 2758 2157 diabolum,
2790 2095 2878 2163 qui
2907 2095 2958 2146 in
2986 2094 3160 2147 medio
3188 2093 3347 2147 vestri
3377 2091 3526 2144 habi-

1947 2190 2042 2244 tat,
2076 2191 2234 2251 atque
2266 2198 2294 2236 a
2333 2182 2482 2237 vobis
2511 2183 2761 2239 adoratur
2788 2193 2841 2238 et
2884 2185 3098 2238 colitur.
3133 2183 3228 2237 llic
3257 2183 3364 2238 dux‘
3404 2200 3417 2236 :
3455 2183 3528 2237 De

1948 2272 2188 2326 Barlaam
2221 2287 2319 2340 ego
2341 2287 2544 2342 quacro,
2579 2274 2750 2343 deque
2797 2289 2862 2328 eo
2912 2273 3264 2342 perenntabar
3313 2273 3526 2327 ubinam

1946 2370 2110 2415 esset.
2143 2362 2432 2416 Monachus
2459 2369 2636 2416 autem
2674 2380 2687 2415 :
2717 2362 2824 2416 Cur
2853 2364 3039 2432 igitur,
3074 2362 3273 2428 inquit,
3313 2377 3525 2430 prtere-

1944 2460 2085 2504 stere
2111 2450 2317 2503 locutus
2345 2465 2403 2504 es
2426 2451 2494 2504 de
2523 2465 2588 2504 eo
2608 2451 2695 2520 qui
2727 2452 2866 2520 regis
2892 2452 3000 2505 lilio
3022 2451 3368 2519 imposturam
3398 2450 3525 2505 fecit

1945 2555 2030 2592 me
2076 2540 2444 2608 interrogans?
2472 2540 2604 2593 Nam
2637 2541 2679 2594 si
2715 2542 3045 2594 Barlaamum
3077 2540 3373 2610 quaerebas,
3407 2556 3523 2593 0qu

1944 2627 2069 2680 nino
2100 2628 2169 2680 ita
2199 2629 2342 2696 loqui
2372 2629 2650 2695 oportebat
2682 2647 2694 2681 :
2727 2630 2951 2685 Ubinam
2996 2630 3086 2683 ille
3117 2639 3199 2684 est
3245 2630 3335 2698 qui
3382 2630 3524 2696 regis

1944 2717 2106 2769 lilium
2136 2720 2203 2770 ab
2230 2733 2412 2772 errore
2445 2719 2495 2772 in
2531 2720 2669 2772 viam
2710 2719 2938 2784 reduxit,
2973 2735 3034 2775 ac
3065 2721 3238 2774 salute
3263 2720 3524 2774 donavit?

1941 2805 2070 2860 Nam
2099 2808 2184 2859 ille
2218 2807 2381 2860 frater
2408 2819 2587 2862 noster
2616 2819 2716 2873 est,
2751 2825 2811 2863 ac
2840 2811 3100 2877 religiosa:
3122 2809 3522 2864 exercitationis

1940 2897 2135 2950 socius.
2166 2896 2316 2950 Mulli
2351 2907 2527 2951 autem
2564 2898 2672 2966 jam
2710 2899 2824 2953 dies
2862 2908 2985 2953 sunt
3013 2914 3131 2953 cum
3163 2914 3282 2953 eum
3311 2914 3414 2953 non
3443 2899 3522 2951 vi-

1939 2986 2133 3040 dimus.
2165 2987 2297 3040 Tum
2346 2987 2623 3042 Araches:
2671 2989 2894 3043 Domum
2945 2989 3104 3053 illius,
3152 2989 3340 3057 inquit,
3393 2988 3522 3042 mihi

1940 3074 2271 3129 demonstra.
2303 3075 2597 3144 Respondit
2628 3077 2922 3132 monachus
2955 3094 2970 3132 :
2997 3078 3052 3133 Si
3085 3078 3182 3146 ipsi
3213 3093 3311 3131 vos
3338 3077 3518 3131 videre

1940 3164 2091 3218 cordi
2130 3175 2304 3231 esset,
2336 3166 2548 3220 obviam
2579 3167 2729 3222 vobis
2759 3167 2984 3234 ipsemet
3032 3168 3336 3235 prodiisset,
3369 3167 3523 3223 nobis

1866 3242 1911 3303 C
1942 3263 2118 3309 autem
2145 3255 2310 3322 ipsius
2331 3256 2547 3310 domum
2576 3256 2813 3312 indicare
2843 3259 3060 3312 minime
3089 3257 3232 3312 licet.

2010 3346 2124 3412 Qua
2170 3346 2239 3401 de
2284 3361 2443 3400 causa
2490 3347 2852 3416 indignatione
2902 3349 3132 3415 percitus
3180 3347 3316 3413 dux,
3360 3357 3520 3416 atque

1941 3438 2074 3492 irato
2103 3452 2164 3492 ac
2197 3437 2400 3492 furioso
2446 3439 2592 3492 vultu
2626 3454 2746 3493 cum
2798 3441 3031 3504 intuens,
3060 3440 3124 3494 ad
3167 3455 3288 3494 eum
3336 3441 3468 3494 dixit
3502 3458 3517 3495 :

1940 3529 2102 3584 Novis
2131 3539 2186 3585 et
2211 3530 2479 3584 inusitatis
2505 3545 2601 3584 vos
2627 3531 2813 3584 mortis
2837 3532 3122 3599 generibus
3153 3546 3294 3587 nunc
3319 3543 3520 3586 macta-

1940 3620 2030 3685 bo,
2056 3622 2154 3674 nisi
2174 3622 2349 3674 statim
2375 3621 2710 3674 Barlaamum
2733 3621 2862 3675 mihi
2883 3621 3256 3676 cxhibueritis.
3284 3622 3347 3675 Et
3367 3621 3517 3690 quid,

1942 3711 2112 3778 inquit
2141 3712 2466 3771 monachus,
2498 3709 2551 3764 in
2586 3709 2740 3762 nobis
2770 3709 3049 3776 perSpicis,
3080 3711 3230 3778 cujus
3261 3711 3436 3764 studio
3465 3718 3521 3764 et

1938 3813 2123 3853 amare
2151 3799 2218 3852 ab
2249 3799 2346 3850 hac
2377 3802 2479 3850 vita
2513 3812 2653 3867 aegre
2678 3798 3014 3864 divellamur,
3045 3807 3378 3867 mortemque
3405 3814 3434 3853 a
3463 3810 3515 3853 te

1942 3891 2095 3944 nobis
2123 3888 2475 3942 invehendam
2518 3890 2998 3958 pertimescamUs?
3029 3887 3167 3956 Quin
3196 3890 3370 3958 potius
3401 3904 3520 3956 gra-

1941 3980 2065 4032 tiam
2099 3979 2191 4032 tibi
2225 3978 2450 4031 habituri
2479 3992 2683 4046 sumus,
2708 3979 2846 4046 quod
2874 3977 3082 4033 virtutis
3109 3978 3286 4032 studio
3315 3979 3518 4033 haeren-

1941 4079 2020 4122 tes
2069 4083 2100 4122 e
2138 4068 2240 4121 vita
2281 4068 2548 4120 eduxeris.
2583 4067 2764 4135 Neque
2793 4069 2934 4122 enim
2968 4069 3169 4122 incerta
3203 4069 3377 4123 exitus
3405 4069 3520 4124 alea

1942 4173 2162 4226 parvum
2195 4157 2351 4211 nobis
2379 4167 2576 4210 metum
2607 4157 2795 4226 injicit,
2823 4159 2960 4227 quod
2990 4159 3216 4224 scilicet,
3248 4175 3353 4229 quo
3381 4167 3521 4214 statu

1942 4262 2040 4300 nos
2069 4257 2345 4315 arreptura
2377 4261 2520 4300 mors
2549 4247 2635 4312 sit,
2670 4246 2889 4301 minime
2937 4257 3267 4316 compertum
3314 4247 3522 4302 habea-

1941 4353 2092 4402 mus;
2122 4351 2190 4391 ne
2233 4334 2371 4390 forte
2415 4346 2503 4388 aut
2534 4335 2821 4389 voluntatis
2868 4337 3146 4401 lubricum,
3181 4347 3270 4390 aut
3305 4337 3520 4405 quidam

1941 4428 2139 4482 diaboli
2167 4429 2394 4497 impetus
2421 4427 2649 4482 instituti
2679 4428 2848 4482 nostri
2873 4429 3228 4482 constantiam
3261 4428 3518 4492 inflectat,

1942 4522 2200 4590 aliterque
2228 4520 2381 4575 nobis
2409 4535 2567 4590 quam
2597 4529 2653 4573 ut
2683 4521 2850 4588 pactis
2874 4535 2994 4574 cum
3027 4520 3139 4574 Deo
3165 4534 3194 4574 a
3224 4519 3380 4574 nobis
3419 4519 3519 4574 ini-

1942 4613 2007 4669 tis
2033 4621 2449 4668 consentaneum
2481 4620 2583 4676 est,
2615 4621 2702 4665 aut
2731 4611 2930 4667 sentire
2970 4619 3062 4665 aut
3091 4611 3265 4666 facere
3295 4626 3513 4680 persna-

1942 4704 2084 4758 deat.
2109 4703 2365 4770 Quocirca
2398 4718 2517 4757 cum
2549 4717 2610 4756 ea
2641 4719 2759 4772 quae
2790 4704 2940 4758 vobis
2967 4704 3095 4772 ipsis
3126 4704 3518 4773 pollicebatnini

1941 4793 2196 4863 consequi
2234 4793 2344 4859 jam
2390 4795 2608 4847 omnino
2656 4795 2970 4861 deSperetis,
3004 4794 3120 4848 sine
3169 4794 3272 4848 ulla
3303 4803 3520 4848 cuncta-

1944 4885 2088 4940 tione
2108 4884 2249 4951 quod
2281 4884 2426 4937 lubet
2456 4883 2633 4938 facile.
2662 4884 2847 4953 Neque
2872 4887 3012 4939 enim
3046 4885 3114 4952 pii
3144 4885 3323 4938 fratris
3349 4886 3519 4939 nostri

1943 4973 2296 5040 domicilium,
2337 4974 2580 5044 quamvis
2628 4974 2781 5029 nobis
2827 4975 3116 5044 cognitum,
3150 4975 3516 5038 ostendemus,

1942 5078 2041 5118 nec
2069 5064 2169 5117 alia
2209 5064 2313 5116 ulla
2345 5063 2496 5116 vobis
2539 5064 2716 5133 ign0ta
2751 5065 3073 5118 monasteria
3107 5065 3428 5132 prodemus,
3463 5072 3521 5118 ut

1939 5154 2185 5208 videlicet
2223 5153 2321 5208 hac
2367 5154 2574 5208 ratione
2618 5163 2844 5208 mortem
2895 5155 3118 5222 turpiter
3159 5155 3517 5222 effugiemus:

1939 5242 2062 5311 quin
2095 5245 2268 5310 potius
2316 5244 2572 5310 praeclare
2621 5252 2846 5296 mortem
2893 5253 3228 5312 oppetemus,
3267 5253 3325 5299 ut
3373 5246 3520 5313 prius

1940 5335 2149 5388 virtutis
2176 5331 2512 5396 sudores,sic
2528 5348 2668 5388 nilne
2697 5334 3016 5389 fortitudinis
3053 5337 3213 5390 animi
3263 5351 3513 5392 cruorem

1942 5425 2050 5478 Deo
2075 5425 2382 5479 offerentes.

2017 5516 2161 5568 ilanc
2199 5530 2382 5568 eorum
2425 5515 2691 5568 sermonis
2737 5513 3034 5568 libertatem
3088 5515 3380 5570 sceleratus
3431 5514 3520 5570 ille

1941 5609 2159 5662 minime
2200 5608 2374 5661 ferens
2408 5647 2422 5671 ,
2474 5622 2659 5662 verum
2699 5623 2766 5662 ex
2827 5608 3129 5678 huiusmodi
3188 5609 3350 5664 animi
3399 5623 3515 5662 uta-

1940 5702 2216 5769 gnitudine
2265 5700 2580 5769 gravissima
2624 5699 2896 5754 iracundia
2949 5712 3269 5768 commotus,
3334 5696 3516 5753 multis

1938 5802 2032 5843 eos
2063 5792 2369 5850 verberibus
2398 5807 2462 5850 ac
2509 5793 2784 5850 tormentis
2811 5791 3008 5850 all'eeit.
3036 5790 3169 5858 Quae
3209 5802 3386 5848 asinos
3437 5787 3516 5843 llh
