4010 6284
445 440 541 502 531

1478 442 1565 502 DE
1603 443 1780 505 VITIS
1820 443 2097 506 ΡΑΤΙιυΜ
2138 446 2338 507 LIBER
2378 450 2649 512 PRIML‘S.

3601 455 3706 521 55!

444 572 521 613 sn:
550 556 902 628 pertulerunt,
937 565 993 612 ut
1030 570 1214 614 eorum
1262 557 1422 612 animi
1452 559 1616 615 robur
1662 575 1724 616 ac
1770 560 2019 617 fortitudo
2050 562 2100 621 Α
2201 564 2314 619 Rex
2337 574 2514 621 autem
2545 567 2656 623 ait:
2686 567 2793 623 Vos
2815 578 2871 623 ut
2896 570 3171 638 pestiferos
3196 572 3439 629 homines
3455 581 3708 647 acpopuli

445 650 546 718 ipsi
587 664 800 719 quoque
843 658 1070 720 tyranno
1116 649 1528 706 admirationem
1579 662 1840 709 moveret.
1889 654 2023 710 Cum

443 753 619 797 autem
649 742 830 798 multis
858 741 1021 797 illatis
1043 741 1316 811 suppliciis
1344 756 1438 797 eos
1468 752 1643 799 tamen
1672 746 1888 801 ﬂectere
1918 762 2022 801 non

441 833 727 901 potuisset,
758 847 858 888 nec
887 832 1163 902 quisquam
1192 833 1332 887 inter
1360 846 1455 888 eos
1486 836 1735 890 inventus
1765 845 1907 891 esset
1933 852 2025 906 qut

440 924 776 979 Barlaamum
827 926 925 996 ipsi
964 925 1249 980 ostendere
1294 926 1607 994 sustineret,
1643 940 1885 997 arreptos
1931 945 2024 985 eos

440 1019 505 1073 ad
538 1034 715 1087 regem
735 1019 879 1084 duci,
901 1027 1059 1087 atque
1088 1017 1227 1072 inter
1252 1019 1486 1073 eundum
1517 1023 1723 1087 percuti
1747 1032 2024 1077 contume-

437 1112 630 1181 liisque
656 1111 795 1167 affici
816 1110 992 1179 jubet,
1022 1110 1366 1181 reliquiarum
1395 1112 1556 1165 etiam
1592 1126 1773 1182 peram
1805 1114 2020 1169 interim

416 1212 725 1288 ’gestantes.

505 1316 632 1371 CAP.
664 1315 852 1371 XXIII.
877 1345 946 1359 —-
970 1314 1268 1385 Interjectis
1289 1317 1469 1386 itaque
1500 1316 1642 1373 haud
1681 1319 1861 1387 paucis
1906 1320 2022 1375 die-

434 1406 555 1471 bus,
578 1408 643 1463 ad
672 1423 848 1477 regem
878 1408 1022 1477 ipsos
1052 1408 1294 1473 adduxit,
1326 1409 1499 1479 deque
1520 1424 1703 1485 eorum
1726 1419 1865 1464 statu
1892 1426 2015 1466 eum

431 1500 715 1553 certiorem
745 1498 885 1554 fecit.
917 1501 993 1553 Ac
1020 1499 1212 1554 deinde
1238 1500 1337 1567 ipsi
1368 1500 1711 1555 acerbissima
1741 1503 2015 1558 iracundia

429 1588 758 1646 inflammato
806 1606 900 1646 eos
929 1591 1089 1646 sistit.
1121 1591 1327 1657 Quibus
1367 1594 1681 1661 perspectis,
1712 1594 1826 1662 ipse
1873 1595 2016 1649 indi-

428 1683 681 1751 gnatione
725 1692 978 1749 :rstuans,
1012 1681 1237 1737 furentis
1278 1681 1511 1737 hominis
1540 1684 1773 1751 speciem
1805 1685 2013 1752 ιιι-ωδε-

430 1775 536 1828 bat.
589 1775 827 1844 Cumque
882 1774 1026 1842 ipsos
1093 1774 1464 1829 crudelissime
1520 1775 1653 1830 cmdi
1717 1776 2010 1844 iussisset,

425 1875 772 1935 posteaquam
802 1865 972 1937 plagis
994 1874 1228 1920 atrocem
1257 1866 1307 1920 in
1338 1867 1555 1920 modum
1586 1866 1829 1921 conrisos
1856 1866 2008 1933 v'dit,

2127 655 2436 711 seductores
2466 658 2738 727 suppliciis
2764 658 2962 727 efﬁcio,
2996 663 3249 732 quoniam
3272 679 3459 722 omnes
3485 668 3536 723 in
3573 669 3710 727 frau-

2124 744 2245 800 detn
2270 747 2560 815 impellitis,
2578 760 2739 819 atque
2754 766 2781 804 a
2797 751 2920 806 vitae
2938 752 3361 820 iucunditatibus
3374 761 3628 825 evocatis,
3646 776 3711 820 ac

2125 852 2221 906 pro
2250 838 2391 894 dulci
2422 840 2526 894 vita
2552 852 2605 896 et
2632 844 2949 899 suavissima
2978 845 3268 913 cupiditate
3299 850 3401 904 huc
3421 865 3513 905 eos
3543 854 3710 923 adigi-

2125 930 2215 993 tis,
2245 943 2300 984 ut
2328 932 2514 986 duram
2555 941 2609 988 et
2646 935 2913 990 sordidam
2959 948 3119 1009 atque
3164 956 3522 997 aerumnosam
3571 946 3709 1004 hanc

2123 1021 2247 1074 vita:
2298 1022 2561 1077 rationem
2609 1025 3001 1094 amplexentur,
3059 1028 3390 1102 deorumque
3445 1033 3706 1090 honorem

2121 1112 2247 1167 Jesu
2279 1114 2615 1169 tribuendum
2646 1131 2765 1172 esse
2792 1119 3109 1186 prmdicatis.
3133 1121 3416 1189 Quocirca,
3450 1140 3516 1180 ne
3542 1142 3708 1194 point-

2121 1204 2224 1269 lus,
2254 1204 2601 1273 imposturam
2642 1217 2875 1262 vestram
2908 1225 3157 1281 sequens,
3207 1213 3473 1268 desertam
3508 1224 3703 1272 terram

2119 1292 2405 1362 relinquat,
2432 1303 2588 1357 atque
2611 1310 2639 1349 a
2670 1297 2855 1365 patriis
2880 1299 2981 1352 diis
3003 1299 3282 1367 deﬁciens,
3308 1302 3540 1356 alienum
3572 1305 3700 1356 ado-

2120 1394 2224 1449 ret,
2266 1386 2540 1456 suppliciis
2568 1403 2665 1443 vos
2719 1404 2784 1443 ac
2822 1399 2994 1446 morte
3042 1393 3267 1447 multare
3312 1394 3528 1463 dignum
3583 1411 3703 1450 esse

2115 1475 2366 1543 judicavi.
2396 1477 2687 1533 Monachus
2716 1490 2891 1535 autem
2945 1481 3117 1551 inquit
3149 1500 3164 1537 :
3213 1483 3268 1557 Si
3292 1498 3505 1549 ,omnes
3537 1488 3702 1539 bono-

2119 1582 2235 1622 rum
2286 1568 2508 1637 hujusce
2568 1572 2695 1625 vitm
2746 1573 3030 1643 participes
3077 1589 3196 1631 esse
3234 1577 3406 1644 cupis,
3455 1593 3552 1632 cur
3597 1594 3697 1631 non

2118 1662 2364 1715 omnibus
2390 1678 2454 1717 ex
2507 1679 2660 1732 aequo
2701 1664 2921 1720 delicias
2978 1676 3032 1720 et
3078 1682 3209 1735 opes
3254 1677 3372 1722 tuas
3424 1668 3701 1737 impertis?

2118 1752 2314 1806 Verum
2345 1753 2434 1806 alii
2482 1753 2695 1823 quidem
2745 1756 3122 1825 quamplurimi
3164 1768 3474 1827 paupertate
3520 1760 3701 1814 confli-

2115 1851 2344 1906 ctantur,
2378 1851 2432 1896 tu
2462 1859 2589 1897 vero
2619 1845 2851 1912 ipsorum
2901 1848 3180 1902 facultates
3207 1864 3300 1918 per
3336 1850 3439 1904 vim
3484 1861 3697 1917 ereptas

426 1923 511 2010 vix
554 1923 766 2009 tandem
794 1923 860 2010 ex
893 1923 1106 2025 ingenti
1136 1954 1315 2012 furore
1340 1970 1638 2025 emergens,
1668 1923 2009 2011 carnificibus
2043 1923 2089 1981 Β
2117 1930 2222 2025 ίυίῗ
2260 1931 2540 2025 adiungis?
2566 1934 2642 1987 EX
2671 1949 2776 2002 quo
2806 1937 3143 2003 perspicuum
3183 1946 3264 1992 est
3291 1948 3339 1992 te
3366 1940 3548 1993 salutis
3596 1955 3691 2006 po-

423 2047 739 2104 verberandi
772 2048 929 2102 finem
960 2048 1135 2103 facere
1160 2047 1463 2117 imperavit,
1494 2057 1655 2117 atque
1674 2047 1740 2103 ad
1767 2062 1859 2101 eos
1887 2048 1963 2102 ait
1993 2065 2006 2101 :

422 2142 664 2209 Quanam
713 2140 778 2195 de
806 2156 964 2197 causa
997 2142 1112 2197 haec
1142 2151 1474 2197 mortuorum
1497 2156 1616 2197 ossa
1647 2143 1807 2213 295
1837 2151 2010 2211 gesta-

421 2233 523 2287 tis?
544 2232 599 2288 Si
628 2247 836 2299 eorum,
861 2232 926 2287 ad
949 2247 1084 2302 quos
1107 2233 1377 2301 pertinent
1406 2232 1673 2287 desiderio
1698 2232 1810 2287 haec
1838 2232 2008 2299 fertis,

422 2324 523 2379 hac
556 2328 668 2393 ipsa
699 2326 828 2379 hora
859 2340 953 2378 vos
982 2324 1145 2379 etiam
1173 2338 1295 2378 cum
1328 2323 1432 2377 illis
1457 2323 1768 2387 collocaho,
1801 2330 1880 2385 ut,
1909 2338 2006 2376 vo-

420 2422 598 2471 torum
632 2423 930 2470 vestrorum
964 2424 1242 2484 compotes
1270 2413 1468 2475 ell'ecti,
1497 2416 1720 2483 gratiam
1752 2413 1883 2468 mihi
1909 2415 2003 2468 ha-

419 2503 610 2559 beatis.
644 2504 847 2558 Divinte
900 2511 1075 2558 autem
1108 2503 1248 2557 illius
1279 2502 1517 2556 cohortis
1558 2503 1662 2556 dux
1710 2512 1870 2572 atque
1913 2518 2007 2556 an-

419 2595 572 2647 tistes
597 2594 772 2664 regias
809 2593 981 2647 minas
1030 2607 1128 2661 pro
1174 2592 1340 2647 nihilo
1366 2591 1569 2647 ducens
1600 2593 1819 2659 perinde
1868 2608 1931 2647 ac
1959 2594 2004 2647 si

417 2686 547 2740 nihil
574 2685 673 2754 ipsi
696 2685 907 2739 adversi
935 2686 1265 2755 contigisset,
1291 2684 1455 2739 libera
1480 2699 1611 2741 Voce
1632 2699 1695 2739 ac
1724 2686 2004 2753 splendido

416 2771 587 2839 vultu,
630 2774 961 2841 gratiamque
1003 2773 1055 2826 in
1089 2771 1255 2839 ipsius
1286 2771 1461 2825 anima
1493 2772 1810 2827 insidentem
1841 2775 2002 2843 signi-

416 2860 631 2925 ficante,
678 2860 918 2915 adhunc
967 2861 1183 2915 modum
1238 2862 1559 2928 respondit:
1595 2863 1720 2918 llaec
1769 2879 1897 2932 pura
1947 2876 2003 2920 et

414 2963 597 3008 sancta
637 2968 758 3007 ossa
804 2953 1002 3009 idcirco
1030 2954 1483 3021 circumferimus,
1515 2963 1575 3009 ut
1600 2956 1998 3012 admirabilium

412 3050 670 3113 virorum,
722 3061 945 3115 quorum
996 3048 1110 3118 ipsa
1157 3056 1303 3112 sunt,
1351 3046 1675 3102 desiderium
1728 3060 2001 3121 utcunque

414 3143 1020 3211 lcniamus,eorumque
1042 3141 1343 3212 religiosam
1369 3142 1831 3209 exercitationem,
1861 3143 1996 3197 Deo-

412 3249 516 3305 que
557 3233 774 3288 charam
803 3234 962 3286 vitam
996 3233 1148 3287 nobis
1192 3233 1242 3285 in
1294 3234 1612 3287 memoriam
1659 3249 1992 3300 revocemus,

2119 2022 2223 2089 puli
2255 2036 2377 2075 cura
2413 2022 2630 2078 minime
2686 2025 2851 2094 tangi,
2888 2041 3069 2081 verum
3110 2042 3319 2083 carnem
3367 2037 3509 2083 tuam
3540 2031 3689 2101 sagi-

2116 2128 2266 2177 nare,
2300 2115 2572 2168 materiam
2603 2113 2853 2171 videlicet
2897 2120 3198 2173 corrosuris
3242 2120 3507 2173 vermibus
3545 2135 3692 2190 prte-

2115 2214 2411 2273 parantem.
2447 2207 2523 2260 Ac
2569 2217 2843 2276 propterea
2888 2209 3125 2263 omnium
3165 2210 3277 2266 Deo
3307 2212 3568 2279 abjurato,
3600 2227 3694 2267 eos

2112 2297 2201 2364 qui
2227 2313 2331 2350 non
2359 2308 2503 2365 sunt,
2549 2306 2602 2352 et
2630 2299 2717 2367 qui
2747 2314 2906 2354 omne
2936 2300 3252 2370 ﬂagitiorum
3284 2319 3448 2372 genus
3478 2304 3693 2358 invene-

2112 2396 2255 2449 runt,
2297 2388 2429 2443 deos
2455 2390 2752 2457 appellasti,
2788 2400 2845 2445 ut
2887 2392 3010 2448 dum
3038 2393 3103 2448 ad
3133 2410 3318 2449 eorum
3344 2394 3690 2451 imitationem

2112 2477 2391 2531 libidinose
2413 2492 2474 2532 ac
2501 2478 2763 2548 ﬂagitiose
2794 2482 2949 2549 vivis,
3005 2484 3055 2537 id
3107 2486 3429 2552 assequaris,
3480 2486 3688 2541 utdeu-

2090 2556 2104 2587 ’
2110 2583 2226 2622 rum
2262 2569 2495 2623 imitator
2522 2585 2641 2625 esse
2671 2572 2999 2639 prrdiceris.
3045 2574 3177 2628 Nam
3217 2575 3343 2641 quid
3388 2575 3568 2632 afferri
3600 2592 3691 2646 po-

2110 2673 2231 2729 test,
2262 2665 2387 2727 quin
2439 2680 2556 2735 qua:
2601 2668 2762 2720 vestri
2803 2667 2873 2721 dii
2929 2668 3188 2734 fecerunt,
3239 2669 3425 2724 eadem
3480 2686 3691 2740 quoque

2108 2759 2373 2822 homines,
2415 2760 2503 2829 qui
2537 2761 2665 2829 ipsis
2704 2761 2939 2815 animum
2985 2761 3257 2832 adjiciunt,
3293 2761 3521 2818 faciant?
3550 2764 3691 2831 Qua-

2107 2860 2324 2920 propter
2350 2852 2401 2906 in
2435 2866 2625 2924 magno
2681 2854 2917 2919 profecto
2963 2869 3147 2909 errore
3195 2856 3445 2918 versaris,
3487 2871 3521 2909 ο
3571 2871 3687 2911 rex.

2110 2942 2322 2998 Vereris
2366 2953 2540 2997 autem
2591 2959 2656 2997 ne
2695 2945 2951 3012 quosdam
3000 2945 3283 3013 populares
3311 2955 3427 3000 tuos
3456 2947 3690 3000 adduca-

2106 3049 2223 3088 mus
2251 3043 2308 3087 ιιι
2336 3035 2529 3088 nostris
2560 3034 2790 3089 decretis
2833 3035 3207 3100 assentientes,
3257 3052 3285 3090 a
3326 3045 3417 3091 tuo
3465 3038 3692 3106 imperio

2102 3125 2424 3190 desciscant,
2453 3136 2611 3194 atque
2640 3127 2705 3179 ad
2736 3127 2851 3195 ejus
2879 3127 2966 3196 qui
3007 3127 3185 3180 omnia
3213 3128 3447 3182 continet
3476 3142 3539 3181 ac
3570 3137 3689 3183 tue-

2108 3232 2192 3276 tur
2222 3230 2399 3290 partes
2430 3235 2489 3275 se
2511 3220 2818 3290 adjnngant.
2850 3220 3009 3289 Cupis
3029 3221 3167 3274 enim
3210 3222 3406 3275 multos
3443 3230 3494 3274 te
3517 3208 3689 3275 avari-

411 3297 569 3398 atque
595 3328 659 3383 ad
690 3328 929 3398 ejusdem
959 3328 1083 3381 vitae
1111 3328 1343 3381 studium
1377 3342 1473 3383 nos
1496 3329 1642 3396 ipsos
1669 3297 1990 3397 excitemus,
2019 3297 2068 3358 (ἶ
2104 3314 2189 3367 lite
2222 3298 2324 3366 tua:
2355 3311 2697 3366 administros
2724 3311 2940 3376 habt-re,
2974 3321 3029 3365 ιιι
3052 3311 3149 3379 ipsi
3178 3311 3389 3380 quidem
3419 3326 3687 3365 aerumnas

411 3435 471 3475 ac
500 3420 739 3490 requiem
766 3433 882 3472 eam
924 3427 980 3472 et
1008 3418 1223 3472 delicias
1250 3434 1343 3471 eas
1369 3418 1421 3471 in
1466 3419 1655 3487 quibus
1685 3436 1827 3474 nunc
1874 3436 1995 3475 ver-

410 3518 595 3565 santur
623 3510 693 3565 ob
732 3509 917 3564 oculos
963 3509 1120 3564 nobis
1157 3518 1537 3577 proponentes,
1586 3509 1731 3578 ipsos
1779 3511 1993 3577 quidem

410 3602 596 3658 beatos
628 3601 998 3671 praedicamus,
1048 3615 1146 3655 nos
1173 3610 1348 3656 autem
1380 3601 1446 3655 ad
1486 3603 1757 3667 sequenda
1804 3618 1989 3657 eorum

406 3693 631 3765 vestigia
662 3708 760 3748 nos
786 3694 932 3762 ipsos
960 3703 1145 3749 mutuo
1170 3696 1431 3749 acuimus.
1454 3694 1591 3761 Quin
1614 3695 1775 3748 etiam
1805 3698 1993 3750 mortis

411 3785 749 3851 memoriam,
778 3799 897 3853 qua:
920 3799 1258 3854 permagnam
1292 3784 1577 3839 utilitatem
1618 3784 1807 3853 affert,
1832 3797 1991 3854 atque

410 3878 476 3932 ad
506 3877 770 3946 religiosae
799 3879 921 3932 vitae
950 3878 1243 3932 certamina
1271 3886 1550 3946 promptos
1595 3893 1691 3931 nos
1732 3893 1795 3932 ac
1842 3879 1993 3933 velut

407 3976 668 4036 pennatos
696 3967 890 4031 reddit,
924 3968 1077 4022 nobis
1107 3968 1228 4022 hinc
1255 3960 1657 4040 comparamus,
1680 3984 1744 4024 ac
1773 3980 1991 4039 praeter-

407 4067 466 4105 ca
497 4068 561 4105 ex
589 4066 774 4106 eorum
804 4058 1053 4107 contactu
1074 4053 1410 4108 sanctitatem
1444 4054 1741 4110 haurimus.

483 4144 711 4197 Rursum
744 4142 903 4211 igitur
930 4158 1063 4197 rex:
1108 4142 1188 4211 Si,
1234 4145 1424 4213 inquit,
1474 4148 1659 4201 mortis
1689 4146 1990 4202 recordatio

408 4245 585 4291 vestra
616 4233 882 4290 sententia
911 4235 1190 4291 utilitatem
1225 4236 1383 4304 parit,
1413 4236 1657 4304 quidnam
1688 4251 1866 4291 causae
1906 4247 1989 4290 est

405 4345 502 4384 cur
534 4343 640 4383 non
671 4328 725 4383 in
747 4342 1029 4395 corporum
1059 4329 1231 4398 p0tius
1274 4336 1573 4383 vestrorum
1607 4330 1838 4395 ossibus,
1867 4345 1987 4397 qua:

403 4431 579 4477 vestra
614 4429 758 4487 sunt,
810 4435 878 4475 ac
915 4420 1221 4491 propediem
1273 4419 1582 4484 interibunt,
1614 4436 1770 4488 quam
1818 4421 1871 4475 in
1902 4421 1986 4476 his

403 4514 595 4568 alienis
624 4522 785 4583 atque
812 4528 962 4568 corrt:
974 4514 1077 4583 ptis
1106 4514 1241 4567 hanc
1268 4513 1579 4566 memoriam
1606 4511 1914 4581 usurpatis?

475 4600 769 4672 Respondit
799 4604 1093 4657 monachus
1127 4619 1141 4656 :
1187 4602 1321 4659 Cum
1352 4604 1581 4670 quinque
1609 4618 1800 4657 causas
1842 4612 1985 4658 attu-

2095 3406 2345 3468 .subeant,
2386 3403 2480 3457 tibi
2522 3415 2698 3457 autem
2741 3418 2924 3457 eorum
2971 3418 3131 3471 opera
3178 3412 3411 3469 quaestus
3452 3418 3687 3471 augean-

2101 3503 2189 3549 tur
2218 3512 2231 3548 :
2276 3493 2724 3562 quemadmodum
2749 3493 2997 3547 videlcet
3034 3495 3077 3546 si
3108 3494 3370 3562 quispiam
3402 3507 3561 3546 canes
3590 3501 3686 3546 aut

2097 3600 2224 3639 aves
2252 3584 2317 3639 ad
2367 3584 2602 3653 praedam
2653 3585 2915 3639 cicuratas
2959 3584 3129 3647 alens,
3161 3599 3253 3637 eos
3298 3582 3511 3652 quidem
3560 3593 3685 3637 ante

2096 3677 2329 3746 prazdam
2373 3676 2691 3738 demulceat,
2723 3683 3068 3742 posteaquam
3099 3686 3275 3728 autem
3307 3674 3502 3742 aliquid
3547 3673 3685 3727 arri-

2097 3768 2327 3834 puerint,
2353 3780 2417 3820 ex
2446 3780 2539 3818 ore
2569 3763 2801 3831 praedam
2856 3764 2984 3832 ipsis
3016 3774 3348 3832 extorqueat.
3394 3763 3475 3816 Ad
3521 3776 3678 3816 eum-

2094 3859 2216 3912 dem
2246 3860 2386 3911 enim
2413 3856 2627 3910 modum
2662 3865 2715 3909 tu
2747 3870 2955 3926 quoque
2987 3856 3181 3909 multos
3206 3856 3401 3908 habere
3431 3854 3677 3921 cupiens,

2093 3950 2183 4017 qui
2218 3949 2311 4002 tibi
2341 3948 2529 4016 partim
2561 3962 2593 4001 e
2622 3956 2785 4013 terra,
2814 3947 3005 4015 partim
3037 3962 3068 4001 e
3109 3946 3241 4000 mari
3276 3946 3469 3998 tributa
3500 3954 3555 3998 et
3584 3959 3678 3998 ve-

2093 4038 2303 4109 ctigalia
2352 4036 2627 4101 deferant,
2684 4039 2761 4091 ais
2810 4036 3023 4107 quidem
3080 4038 3174 4091 tibi
3221 4052 3404 4091 eorum
3454 4036 3680 4090 salutem

2092 4146 2235 4184 curae
2263 4144 2401 4193 esse,
2430 4139 2682 4183 caeterum
2729 4132 3112 4199 sempiternum
3169 4130 3317 4197 ipsis,
3372 4130 3681 4197 priuSquam

2092 4222 2253 4276 etiam
2286 4221 2379 4275 tibi
2412 4219 2512 4290 ipsi
2559 4222 2779 4276 exitium
2825 4223 3077 4285 accersis,
3126 4224 3324 4290 tibique
3370 4221 3500 4274 illud
3549 4222 3682 4275 satis

2090 4320 2195 4378 est,
2228 4321 2285 4366 ut
2311 4327 2439 4381 opes
2471 4313 2659 4381 quovis
2684 4321 2924 4366 stercore
2965 4326 3026 4365 ac
3057 4326 3211 4365 coeno
3242 4313 3456 4366 viliores
3484 4310 3575 4365 tibi
3604 4310 3683 4366 af‘

2091 4405 2284 4469 fluant,
2328 4418 2427 4458 nec
2458 4403 2838 4456 animadvertis
2890 4403 3210 4457 te-luminis
3263 4403 3381 4457 loco
3431 4405 3683 4457 tenebras

2089 4496 2394 4564 complecti.
2423 4494 2620 4548 Verum
2645 4510 2709 4548 ex
2735 4494 2834 4547 hoc
2859 4494 3004 4561 gravi
3033 4509 3243 4561 Somno,
3273 4510 3477 4562 qumso,
3500 4509 3682 4548 cmer-

2091 4601 2178 4656 ge,
2212 4587 2531 4651 clausosque
2575 4592 2692 4637 tnos
2725 4584 2909 4637 oculos
2938 4585 3107 4653 aperi,
3141 4600 3200 4638 ac
3235 4585 3324 4637 Βιιί
3358 4589 3526 4637 nostri
3558 4584 3676 4653 glo-

400 4696 557 4751 lerim
588 4667 953 4762 'quamnbnm
1004 4695 1255 4764 reliquias
1302 4667 1762 4761 circumferam“,
1812 4705 1865 4750 ω
1913 4698 1979 4751 ad
2014 4667 2066 4727 D
2090 4681 2245 4744 riam,
2274 4678 2521 4731 omnibus
2544 4678 2773 4743 undique
2796 4676 3123 4742 illucentein,
3146 4691 3326 4739 cerne,
3354 4676 3680 4745 tandemque

397 4802 557 4841 uuam
617 4786 878 4841 duntaxat
930 4786 1282 4854 respondens,
1330 4787 1536 4841 cavillis
1580 4787 1633 4840 in
1662 4801 1760 4841 nos
1790 4790 1980 4845 uteris.

396 4877 596 4934 Verum
622 4876 947 4947 expressius,
977 4876 1103 4931 mihi
1125 4876 1304 4940 crede,
1331 4891 1516 4932 eorum
1541 4878 1626 4946 qui
1652 4878 1761 4947 jam
1791 4879 1980 4933 deces-

397 4977 584 5024 serunt
609 4984 730 5025 ossa
759 4970 950 5024 mortis
1000 4970 1311 5024 memoriam
1365 4980 1774 5035 reprwseutant,
1822 4987 1981 5039 quam

397 5078 581 5117 eorum
622 5063 710 5130 qui
785 5062 942 5131 hujus
994 5062 1120 5116 vita:
1176 5076 1333 5114 usura
1394 5059 1659 5115 fruuntur.
1713 5061 1980 5117 thterum

398 5150 649 5220 quoniam
680 5159 735 5206 tu
766 5151 835 5207 de
866 5152 947 5205 his
990 5153 1060 5205 ita
1088 5152 1296 5215 statuis,
1337 5161 1495 5221 atque
1524 5166 1645 5207 ossa
1684 5167 1745 5207 ea
1777 5168 1894 5219 quae
1925 5155 1978 5208 in

395 5256 560 5298 carne
588 5251 675 5296 tua
708 5250 833 5297 sunt
880 5252 1105 5298 mortem
1137 5244 1230 5298 tibi
1260 5244 1429 5297 oculis
1479 5244 1758 5313 objiciunt,
1786 5246 1875 5313 qui
1923 5248 1980 5300 tit

397 5342 455 5385 nt
492 5333 606 5401 ipse
629 5332 737 5400 jam
764 5334 978 5402 jamque
1007 5342 1244 5387 ventura:
1274 5336 1460 5388 mortis
1492 5349 1720 5399 memor,
1762 5336 1866 5390 tuis
1896 5351 1982 5390 re-

396 5422 497 5476 bus
521 5431 664 5476 recte
689 5436 793 5476 non
824 5423 1091 5485 consulas,
1120 5439 1304 5477 verum
1352 5425 1588 5479 animam
1644 5433 1790 5480 tuam
1831 5430 1977 5480 omni

395 5512 717 5582 ﬂagitiorum
748 5513 925 5582 generi
954 5514 1219 5568 addictam
1247 5515 1466 5581 habeas,
1504 5517 1595 5572 Dei
1625 5526 1717 5572 aut
1745 5519 1978 5573 cultores

394 5619 458 5659 ac
480 5603 691 5673 pietatis
738 5604 1028 5667 studiosos,
1085 5605 1173 5674 qui
1222 5616 1274 5662 te
1331 5608 1463 5662 nihil
1520 5609 1795 5675 laeserunt,
1849 5614 1977 5666 nihil

396 5696 736 5765 praesentium
766 5710 943 5751 rerum
975 5704 1149 5751 tecum
1192 5712 1478 5755 commune
1507 5698 1722 5765 habent,
1751 5712 1844 5756 aut
1883 5703 1976 5757 tibi

394 5787 605 5859 eripere
626 5788 977 5853 contendunt,
1026 5789 1312 5845 immanem
1362 5799 1418 5847 et
1464 5793 1735 5851 crudelem
1778 5794 1829 5851 in
1861 5810 1976 5850 mo-

395 5878 519 5933 dum
548 5878 615 5935 de
643 5878 820 5936 medio
852 5879 1043 5936 tollas?

2090 4769 2378 4838 aliquando
2406 4768 2471 4822 ad
2504 4770 2728 4836 leipsuut
2778 4768 2912 4821 redi.
2955 4766 3236 4836 lntelligite
3282 4767 3448 4831 enim,
3481 4768 3679 4835 inquit,

2092 4862 2403 4930 insipientes
2435 4861 2487 4915 in
2518 4860 2800 4930 populo,et
2824 4859 2972 4915 stulti
2991 4858 3272 4928 aliquando
3294 4859 3467 4928 sapite
3495 4857 3680 4927 (Paul.

2092 4952 2300 5024 xxxtx).
2338 4951 2471 5006 Illud
2514 4954 2691 5017 scias,
2748 4951 2907 5004 alium
2954 4952 3111 5005 deum
3154 4965 3258 5003 non
3312 4964 3434 5004 esse
3484 4961 3682 5017 praeter

2095 5045 2262 5098 Deum
2289 5055 2527 5099 nostrum
2556 5041 2731 5113 (Psal.
2767 5042 2925 5112 χιιι),
2960 5056 3059 5095 nec
3094 5042 3276 5111 ullam,
3306 5040 3407 5095 nisi
3454 5040 3507 5094 in
3558 5040 3683 5107 ipso

2090 5135 2338 5190 salutem.

2160 5252 2273 5303 Rex
2299 5255 2515 5302 autem:
2547 5244 2756 5314 Stultis,
2802 5246 2993 5315 inquit.
3042 5243 3127 5299 his
3177 5241 3282 5298 tuis
3314 5241 3468 5311 nugis
3512 5241 3683 5297 finem

2090 5342 2327 5407 impone,
2357 5352 2421 5391 ac
2459 5336 2586 5389 mihi
2620 5338 2860 5403 protinus
2908 5334 3246 5389 Barlaamum
3306 5331 3552 5392 ostende,
3586 5344 3690 5390 aut

2087 5429 2281 5497 alioqui
2311 5426 2572 5495 ejusmodi
2611 5440 2886 5493 poenarum
2946 5425 3302 5479 instrumenta
3356 5423 3691 5497 experieris,

2087 5534 2311 5588 quorum
2342 5530 2609 5584 nunquam
2639 5516 2733 5569 abs
2764 5524 2814 5569 te
2855 5515 3147 5583 periculum
3179 5516 3371 5567 factum
3405 5526 3507 5574 est.
3546 5519 3690 5573 For-

2087 5613 2327 5664 tissimus
2368 5618 2545 5664 autem
2574 5608 2684 5673 ille,
2711 5622 2774 5662 ac
2805 5609 3073 5675 prmstanti
3104 5606 3268 5660 animi
3308 5612 3685 5681 magnitudine

2088 5702 2403 5764 monachus.
2441 5701 2782 5770 cmlestisqne
2822 5699 3172 5768 philosophiae
3214 5714 3424 5759 amator
3475 5704 3544 5758 ob
3592 5719 3685 5759 re.

2084 5795 2199 5863 gias
2228 5792 2398 5848 minas
2460 5792 2608 5853 nullo
2658 5794 2816 5854 modo
2845 5791 2910 5853 de
2956 5792 3224 5853 sententia
3279 5797 3685 5862 dimovebatur,

2086 5886 2178 5939 sed
2221 5885 2486 5959 intrepido
2516 5899 2733 5961 pectore
2761 5900 2928 5961 stans,
2964 5891 3126 5960 296
3166 5889 3375 5947 dicebat
3404 5906 3416 5945 :
3451 5887 3525 5945 Ea
3554 5903 3682 5953 qua
