4010 6282
215 459 309 515 553

672 449 835 507 VITA
870 441 1285 507 SANCTORUM
1325 438 1653 499 BARLAMI
1700 430 2033 492 EREMIUE
2077 432 2164 487 ET
2204 429 2556 488 JOSAPllAT
2598 429 2805 486 lNDlE
2846 428 3071 487 REGIS.

3361 424 3470 483 554

213 594 237 632 s
262 586 309 631 te
340 573 622 643 iubemur,
677 582 711 623 o
749 580 865 631 rex,
905 564 1103 627 facere,
1159 560 1376 616 minime
1396 572 1425 610 a
1473 556 1624 610 nobis
1652 552 1790 605 indi-
1818 554 1866 610 Α
1893 559 2116 604 conntes
2143 563 2260 604 eam
2287 548 2613 603 celeritatem
2643 546 2995 600 adhibuerunt
3017 554 3074 599 ut
3093 544 3366 600 hominem
3390 558 3471 597 er-

212 650 346 725 ctum
376 676 495 729 est,
538 661 631 717 sed
659 673 778 731 qua:
805 672 833 711 a
866 655 1092 710 Domino
1123 658 1309 705 nostro
1340 649 1595 711 imperata
1626 652 1782 701 sunt;

212 759 292 827 qui
324 770 422 809 nos
452 749 820 820 temperantiae
845 746 1083 808 studere,
1126 751 1286 810 atque
1313 753 1504 793 omnes
1534 736 1779 802 volupta-

213 826 289 905 tes
311 857 365 903 et
402 844 722 914 cupiditates
754 839 805 893 in
835 840 1098 906 potestate
1139 843 1343 895 tenere,
1391 826 1789 882 fortitudinem-

210 937 521 1009 quecolere,
551 949 614 988 ac
638 932 875 986 laborem
903 942 1114 982 omnem
1140 923 1543 979 etafllictionem
1568 917 1789 986 justitite

212 1008 367 1086 causa
395 1028 661 1083 sustinere
688 1024 866 1078 docet.
901 1022 1017 1085 Quo
1048 1017 1207 1084 igitur
1235 1014 1477 1084 graviora
1505 1010 1660 1065 nobis
1689 1008 1789 1076 pie-

215 1131 336 1176 tatis
392 1132 553 1173 causa
604 1115 741 1169 mala
798 1113 1064 1173 intuleris,
1112 1122 1177 1162 eo
1209 1105 1515 1171 praeclarius
1541 1100 1608 1155 de
1634 1096 1790 1152 nobis

213 1215 435 1268 meritus
469 1208 653 1263 fueris.
682 1205 939 1272 Quocirca
979 1197 1237 1271 quidquid
1272 1196 1415 1249 lubet
1447 1193 1563 1257 fac;
1618 1203 1791 1259 neque

210 1304 347 1360 enim
376 1301 769 1356 committemus
796 1302 856 1349 ut
875 1291 1071 1361 aliquid
1092 1287 1230 1357 quod
1262 1303 1291 1339 a
1320 1293 1468 1340 recto
1499 1282 1792 1336 abhorreat

210 1395 485 1458 faciamus,
518 1405 580 1444 ac
609 1397 827 1458 peccato
850 1400 947 1439 nos
977 1380 1310 1436 addicamus.
1362 1376 1470 1431 Nec
1493 1373 1634 1430 enim
1677 1373 1793 1427 leve

212 1486 308 1538 hoc
334 1483 514 1537 scelus
544 1495 665 1536 esse
695 1490 876 1548 putes,
906 1474 951 1529 si
990 1473 1389 1527 colluctatorem
1435 1481 1498 1520 ac
1535 1462 1795 1520 commili-

209 1584 384 1629 tonem
409 1581 648 1627 nostrum
693 1568 785 1621 tibi
816 1569 867 1621 in
904 1578 1096 1619 manus
1139 1562 1429 1615 tradamus.
1465 1557 1658 1612 Verum
1690 1556 1793 1610 hoc

208 1667 421 1719 nomine
449 1663 670 1717 minime
717 1672 816 1712 nos
867 1653 1136 1719 irridebis,
1185 1649 1424 1719 quamvis
1463 1647 1622 1702 etiam
1665 1660 1791 1699 sex-

207 1767 390 1818 centas
415 1766 616 1811 mortes
646 1754 800 1808 nobis
825 1750 1044 1805 inferas.
1073 1746 1255 1816 Neque
1281 1746 1424 1800 enim
1451 1742 1586 1798 adeo
1617 1739 1793 1809 ignavi

204 1862 413 1911 sumus,
455 1856 516 1901 ut
546 1851 932 1899 tormentorum
966 1852 1176 1893 tuorum
1220 1844 1364 1890 metu
1395 1831 1789 1903 philosOphiam

1892 640 2128 709 riperent
2151 654 2383 705 eumque
2425 638 2488 692 ad
2520 639 2693 707 ipsum
2723 637 3069 691 adducerent.
3111 635 3183 689 De
3216 649 3321 701 quo
3348 649 3469 687 cum

1893 733 2134 798 quisnam
2161 740 2322 795 esset,
2352 744 2620 799 quamque
2648 728 2955 798 religionem
2984 726 3206 791 coleret,
3247 734 3304 779 et
3337 739 3469 795 quo-

1895 836 2015 874 nam
2046 820 2259 873 nomine
2284 827 2587 884 vocaretur,
2617 818 2969 889 quiesivisset,
2992 815 3351 870 Christianum
3386 813 3474 867 illa

1894 926 1954 966 se
2002 928 2122 966 csse
2177 911 2449 974 professus
2521 919 2627 975 est,
2689 909 3129 972 Barlaamnmque
3178 905 3472 972 nuncupari

1895 1004 2359 1074 (quemadmodum
2390 1002 2637 1057 v'delicet
2660 1002 2733 1054 ab
2773 1000 2900 1069 ipsis
2931 1003 3223 1054 instructus
3267 996 3465 1062 fuerat)

1894 1114 2000 1168 quo
2029 1099 2239 1152 nomine
2268 1099 2459 1169 gaudio
2490 1096 2732 1165 perfusus
2759 1096 3016 1157 Araches,
3050 1104 3104 1147 ut
3125 1091 3339 1163 quidem
3366 1103 3477 1155 pro

1895 1203 1954 1244 se
1984 1189 2202 1251 lcrebat,
2226 1197 2445 1255 accepto
2472 1204 2560 1252 eo,
2586 1187 2975 1255 quamprimum
2994 1184 3059 1237 ad
3086 1198 3261 1252 regem
3292 1194 3478 1236 rever-

1899 1282 2047 1349 titur,
2079 1280 2236 1348 eique
2287 1280 2457 1348 ipsum
2490 1276 2727 1332 exhibet.
2777 1275 2973 1344 Aitque
3004 1288 3095 1327 rex
3141 1271 3477 1327 audientibus

1899 1373 1964 1427 iis
1995 1373 2083 1441 qui
2127 1369 2371 1423 astabant
2406 1386 2421 1423 :
2474 1369 2624 1425 Tune
2650 1383 2706 1420 es
2756 1366 2845 1421 tlle
2878 1366 3135 1418 daemonis
3165 1362 3481 1417 administer

1900 1463 2174 1517 Barlaam?
2204 1462 2296 1515 llle
2325 1468 2499 1514 autem
2528 1458 2802 1527 respondit
2835 1475 2847 1509 :
2884 1456 2977 1510 Dei
3000 1456 3315 1509 administer
3332 1468 3475 1517 sum,

1899 1568 1962 1608 ac
1985 1569 2088 1607 non
2116 1554 2439 1614 dzemonum,
2468 1549 2814 1618 quamobrem
2859 1562 2925 1601 ne
2974 1561 3061 1600 me
3105 1543 3359 1598 conviciis
3399 1546 3483 1596 in-

1901 1660 2101 1701 cessas.
2138 1644 2402 1698 Plurimos
2419 1642 2561 1697 enim
2585 1640 2713 1694 mihi
2732 1639 2929 1707 gratias
2953 1652 3111 1706 agere
3139 1636 3323 1698 debes,
3349 1648 3483 1703 quo-

1903 1735 2044 1790 niam
2092 1732 2255 1787 filium
2282 1742 2434 1787 tuum
2477 1746 2661 1785 errore
2690 1738 2849 1798 atque
2878 1729 3166 1797 impostura
3199 1725 3480 1780 liberatum

1902 1826 1968 1880 ad
1997 1826 2093 1879 Dei
2127 1826 2329 1879 cultum
2360 1823 2585 1886 erudivi,
2616 1830 2774 1890 atque
2804 1836 2925 1875 cum
2958 1834 3087 1874 vero
3129 1818 3235 1871 Deo
3274 1816 3327 1870 in
3366 1831 3485 1884 gra-

211 1905 455 1994 nostrain
486 1938 804 2008 prodamus,
855 1942 1016 2002 atque
1044 1928 1241 1999 aliquid
1276 1927 1453 1981 divina
1494 1925 1611 1995 lege
1663 1924 1800 1979 indi.
1830 1908 1879 1969 B
1907 1915 2029 1970 tiam
2065 1915 2337 1968 reductum
2370 1914 2515 1967 omni
2549 1912 2758 1965 virtutis
2799 1925 2997 1979 genere
3061 1906 3289 1961 institui.
3327 1905 3485 2008 ,Βυτ-

200 2046 371 2100 gnum
421 2039 812 2100 perpetremus.
862 2026 1133 2081 Adversus
1165 2023 1279 2075 haec
1310 2032 1642 2088 qumeunque
1690 2027 1799 2070 tor-

199 2132 513 2175 mentorum
544 2121 894 2173 instrumenta
925 2116 1086 2178 nosti,
1117 2127 1180 2167 ea
1210 2110 1469 2180 expedias
1505 2110 1652 2163 licet.
1693 2107 1801 2161 Νο-

198 2211 288 2265 bis
312 2211 510 2279 quippe
538 2211 718 2263 vivere
759 2207 1007 2261 Christus
1035 2215 1138 2269 est,
1166 2217 1229 2257 ac
1259 2202 1395 2257 mori
1425 2199 1803 2271 praestantissi-

199 2315 358 2353 mum
391 2301 595 2353 lucrum
629 2296 852 2370 (Philip.
885 2294 948 2364 t).

275 2389 362 2442 ()b
394 2388 695 2457 huiusmodi
723 2388 888 2441 verba
914 2400 1009 2440 rex
1034 2383 1216 2439 furore
1243 2383 1621 2447 inﬂammatus,
1653 2380 1805 2435 theo-

200 2478 358 2549 logas
384 2491 572 2532 eorum
601 2478 807 2545 linguas
828 2474 1093 2544 amputari
1128 2474 1301 2547 jubet,
1344 2478 1638 2542 oculosque
1664 2471 1799 2533 erui,

202 2580 509 2636 manusque
540 2566 698 2620 simul
727 2579 791 2620 ac
839 2565 1003 2634 pedes
1058 2564 1312 2619 truncari.
1370 2564 1484 2630 Qua
1539 2561 1799 2617 sententia

203 2658 573 2727 pronuntiata,
604 2657 815 2710 lictores
843 2664 897 2710 et
917 2654 1175 2709 satellites
1200 2654 1607 2707 circumStantes
1639 2653 1802 2706 inlut-

204 2764 369 2804 mane
396 2763 459 2803 ac
489 2747 776 2803 crudeliter
817 2748 965 2816 ipsos
1012 2744 1421 2799 demutilahant.
1474 2742 1553 2795 Ac
1594 2741 1799 2810 linguas

202 2838 425 2908 quidem
452 2852 638 2892 eorum
670 2836 876 2890 uncinis
903 2851 969 2890 ex
991 2850 1083 2890 ore
1108 2841 1376 2890 extractas
1408 2832 1640 2887 belluinn
1663 2847 1800 2901 qua-

204 2930 333 2982 dam
367 2929 575 2983 feritate
604 2926 1008 2992 abscindebant,
1039 2925 1224 2981 oculos
1250 2931 1428 2977 autem
1461 2921 1652 2977 ferreis
1699 2937 1800 2975 un-

205 3018 403 3086 guibus
430 3020 708 3083 eruebant,
734 3032 795 3071 ac
825 3016 1053 3086 denique
1082 3014 1453 3070 instrumentis
1476 3012 1793 3082 quibusdam

210 3123 409 3163 eorum
440 3123 633 3162 manus
687 3122 750 3162 ac
794 3107 958 3177 pedes
998 3106 1265 3166 luxantes,
1318 3103 1701 3173 amputabant:
1748 3111 1802 3156 at

212 3199 363 3254 beati
400 3199 476 3254 illi
502 3214 565 3254 ac
614 3198 905 3253 venerandi
944 3208 997 3252 et
1025 3197 1274 3267 generosi
1304 3196 1426 3259 viri,
1458 3204 1709 3262 tanquam
1736 3195 1800 3248 ad

1902 2021 2019 2061 sum
2047 2016 2224 2059 autem
2254 2019 2345 2059 rex
2372 2002 2490 2057 irati
2512 2002 2679 2056 animi
2710 2002 2944 2069 speciem
2970 1999 3284 2069 przeferens,
3308 1996 3480 2051 dixit:

1903 2095 2008 2150 Par
2035 2110 2163 2150 sane
2190 2104 2305 2150 erat
2347 2104 2423 2159 ut,
2483 2093 2577 2148 tibi
2617 2092 2883 2147 sermonis
2923 2091 3097 2146 omnis
3120 2104 3181 2142 ac
3209 2087 3486 2143 defensio-

1905 2186 1991 2241 nis
2041 2185 2296 2241 facultate
2347 2184 2592 2255 prazcisa,
2637 2184 2755 2237 sine
2805 2182 2910 2235 ulla
2965 2179 3381 2249 interrogatione
3435 2184 3490 2231 te

1907 2286 2081 2331 morte
2111 2276 2411 2330 multarem.
2446 2274 2642 2330 Verum
2694 2287 2793 2342 pro
2821 2286 2938 2327 mea
2969 2269 3296 2325 humanitate
3332 2268 3490 2323 tanti-

1906 2384 2030 2439 sper
2057 2380 2109 2425 te
2146 2366 2284 2433 fero,
2311 2382 2589 2436 quousque
2614 2366 2679 2420 ad
2728 2373 2933 2420 certum
2981 2365 3121 2419 diem
3168 2363 3234 2418 de
3264 2373 3317 2418 te
3336 2377 3487 2432 qua:-

1906 2462 2132 2517 stionem
2166 2461 2420 2515 habuero.
2454 2462 2530 2513 Ac
2562 2458 2823 2527 siquidem
2853 2456 2983 2510 mihi
3006 2454 3488 2524 obtemperandum

1906 2553 2147 2619 duxeris,
2206 2553 2415 2605 veniam
2476 2549 2774 2615 obtinebis;
2826 2548 2908 2603 sin
2954 2547 3151 2614 minus,
3204 2549 3489 2618 pessimam

1908 2656 2134 2699 mortem
2178 2657 2422 2713 oppetes.
2454 2642 2580 2697 Hac
2630 2643 2862 2705 locutus,
2913 2641 3108 2696 Araclti
3153 2657 3274 2696 eum
3308 2641 3488 2705 tradit,

1907 2736 2230 2804 mandatque
2281 2746 2340 2788 ut
2382 2750 2504 2788 eum
2555 2749 2713 2802 quam
2757 2732 3162 2803 diligentissime
3200 2734 3488 2788 custodiat.

1983 2828 2254 2882 Postridie
2295 2838 2471 2881 autem
2503 2827 2644 2881 illinc
2672 2826 2737 2880 ad
2771 2826 3020 2895 palatium
3058 2842 3211 2882 suum
3243 2840 3494 2881 reversus

1906 2932 2005 2978 est.
2035 2922 2281 2991 Repente
2307 2922 2467 2992 igitur
2493 2930 2708 2989 captum
2739 2936 2857 2975 esse
2905 2921 3237 2974 Barlaamutu
3271 2935 3488 2974 rumore

1910 3014 2204 3080 ferebatur,
2233 3013 2367 3067 adeo
2396 3022 2452 3066 ut
2473 3013 2587 3081 ipse
2611 3026 2820 3081 quoque
2852 3014 2992 3081 regis
3022 3011 3162 3066 illius
3189 3012 3288 3065 hac
3318 3026 3377 3066 re
3405 3026 3494 3064 au-

1908 3106 2016 3160 dita
2047 3105 2365 3176 gravissimo
2418 3103 2582 3157 animi
2635 3104 2821 3157 dolore
2866 3101 3192 3167 afficeretur,
3244 3116 3345 3156 nec
3389 3101 3498 3155 ullo

1912 3197 2071 3250 modo
2101 3195 2350 3265 lacrymis
2381 3196 2647 3249 moderari
2680 3204 2882 3263 posset,
2906 3210 3093 3249 verum
3125 3194 3408 3265 gemitibus
3434 3208 3499 3247 ac

209 3289 407 3359 epulas
434 3288 634 3355 vocati,
658 3297 877 3343 strenuo
906 3296 960 3341 et
980 3286 1101 3340 forti
1129 3288 1309 3341 animo
1334 3285 1400 3338 ad
1431 3282 1699 3338 cruciatus
1717 3297 1781 3337 ac
1833 3286 1879 3347 C
1914 3289 2142 3344 luctibus
2190 3289 2356 3343 Deum
2406 3289 2740 3354 obsecraret,
2800 3288 3080 3357 ipsumque
3108 3296 3167 3342 ut
3196 3286 3311 3342 seni
3341 3301 3497 3354 opem

206 3381 513 3446 cedebant,
545 3380 742 3433 mutuis
764 3377 1222 3433 cohortationibus
1267 3390 1387 3431 sese
1417 3382 1690 3438 acuentes,
1719 3383 1803 3427 at-

208 3487 320 3541 que
343 3472 411 3524 ad
441 3482 667 3525 mortem
704 3484 801 3539 pro
850 3468 1065 3524 Christo
1111 3466 1441 3524 subeundam
1488 3466 1610 3521 forti
1648 3473 1806 3534 atque

211 3563 492 3631 intrepido
518 3562 697 3616 animo
730 3571 1031 3630 pergentes.

287 3654 346 3705 In
371 3651 673 3720 huiusmodi
698 3651 859 3705 variis
892 3650 1170 3720 suppliciis
1199 3648 1525 3705 sacrosancti
1557 3648 1804 3703 monachi

208 3736 354 3814 (15),
388 3758 612 3799 numero
634 3743 823 3798 decem
852 3752 907 3798 et
934 3754 1163 3812 septem,
1210 3742 1376 3798 fortes
1419 3759 1481 3797 ac
1531 3744 1807 3797 tolerantia

210 3836 475 3904 praeditas
526 3835 733 3888 animas
763 3847 887 3889 suas
936 3833 1165 3887 Domino
1212 3833 1674 3888 commendarunt.
1732 3834 1809 3887 lix

211 3946 326 4000 quo
357 3929 638 4000 perspicue
676 3936 887 3984 constat
915 3930 1153 3983 anintum
1184 3928 1379 3997 pietate
1425 3924 1704 3997 prazditum
1734 3928 1805 3978 vi-

213 4022 373 4075 tiosis
416 4020 791 4074 affectionibus
837 4020 1139 4088 imperare,
1189 4018 1643 4088 quemadmodum
1692 4017 1811 4087 qui-

212 4115 343 4166 dam
374 4127 405 4165 a
427 4113 625 4166 nostris
644 4112 871 4168 decretis
897 4110 1100 4164 alienus
1122 4110 1352 4181 prodidit
1373 4108 1697 4176 (Iosephus),
1726 4125 1813 4164 se-

212 4207 301 4258 nis
328 4206 621 4260 sacerdotis
650 4220 713 4259 ac
742 4214 947 4274 septem
979 4203 1209 4258 liliormn
1249 4203 1541 4258 certamina
1569 4219 1807 4259 comme-

212 4310 460 4363 morans,
490 4296 582 4363 qui
620 4311 727 4350 una
750 4311 872 4351 cum
915 4304 1086 4349 matre
1131 4295 1241 4363 pari
1273 4293 1495 4349 omnino
1545 4297 1812 4352 sententia

213 4388 447 4457 praedita
472 4403 569 4457 pro
601 4388 785 4456 patria:
811 4387 943 4457 legis
972 4387 1286 4442 defensioue
1308 4386 1649 4454 dimicarunt.
1675 4388 1815 4454 Qui-

217 4480 323 4533 bus
353 4480 637 4533 tolerantia
664 4488 718 4533 et
744 4476 1297 4547 animimagnitudine
1339 4477 1504 4532 nihilo
1532 4477 1816 4535 inferiores

218 4566 277 4621 hi
310 4568 501 4623 eximii
529 4567 715 4623 Patres
756 4582 818 4622 ac
842 4581 1090 4638 supernas
1137 4566 1433 4622 Jerusalem
1482 4568 1624 4623 cives
1650 4568 1814 4623 exsti-

222 4670 427 4715 terunt.

298 4750 427 4807 CAP.
465 4750 653 4807 XXIV.
698 4782 768 4793 —
798 4751 892 4807 ilis
940 4752 1101 4823 igitur
1126 4752 1213 4821 pia
1268 4758 1440 4805 morte
1494 4750 1808 4820 perfunctis,

220 4856 321 4896 rex
355 4841 421 4895 ad
453 4843 762 4911 primarium
792 4843 1156 4897 consiliarium
1182 4857 1336 4897 suum
1368 4842 1612 4898 Arachen
1641 4844 1812 4898 dixit:

219 4930 488 4997 Quoniam
521 4932 667 5001 prius
708 4931 993 4987 consilium
1025 4930 1243 4985 minime
1288 4934 1567 4995 successit,
1596 4932 1665 4986 ad
1710 4949 1810 4999 po-

221 5024 425 5078 sterius
472 5024 711 5078 animum
748 5024 942 5093 adiice,
991 5038 1054 5078 ac
1101 5023 1399 5078 Nachorcm
1433 5025 1814 5080 accersendum

221 5130 377 5169 cura.
409 5114 647 5171 Aracbes
673 5117 852 5186 igitur,
890 5115 1208 5183 intempesta
1250 5125 1407 5169 nocte
1445 5116 1513 5169 ad
1553 5117 1667 5184 ejus
1695 5132 1817 5185 spe-

222 5208 439 5261 luncam
468 5222 527 5262 se
548 5210 793 5272 contulit,
826 5207 1086 5277 siquidem
1118 5207 1169 5259 in
1200 5206 1491 5261 solitudine
1516 5206 1814 5270 habitabat,

219 5299 545 5354 divinationi
577 5314 792 5369 operam
818 5299 976 5353 dans.
1022 5297 1261 5366 Cumque
1306 5297 1406 5366 ipsi
1436 5298 1717 5351 consilium
1765 5298 1816 5352 id

220 5405 391 5444 omne
420 5390 561 5457 quod
588 5390 856 5457 cepissent
886 5389 1233 5454 declarasset,
1286 5388 1446 5442 simul
1489 5397 1650 5458 atque
1679 5379 1818 5443 dilu¥

225 5484 333 5547 xit,
365 5483 433 5535 ad
463 5497 644 5551 regem
692 5496 752 5537 se
793 5481 1017 5550 recepit.
1063 5482 1130 5534 At
1185 5490 1295 5534 tum
1345 5481 1584 5550 quaesitis
1632 5496 1816 5536 rursus

222 5572 407 5635 equis,
437 5573 500 5626 ad
528 5572 947 5641 investigandum
975 5572 1309 5626 Barlaamum
1332 5585 1456 5625 sese
1482 5570 1631 5626 abire
1651 5571 1818 5626 simu-

228 5666 382 5720 lavit.
415 5666 547 5720 Cum
580 5674 758 5721 autem
807 5666 1048 5729 exiisset,
1088 5678 1150 5718 ac
1194 5664 1309 5719 loca
1353 5663 1595 5719 solitaria
1640 5664 1820 5733 perlu-

226 5767 446 5813 stt-aret.
485 5758 657 5812 virum
685 5774 846 5811 unutn
882 5772 948 5813 ex
989 5756 1240 5825 voragine
1268 5756 1495 5826 quadam
1535 5755 1816 5826 egredien—

229 5859 344 5904 tem
376 5849 656 5915 conspicit.
685 5850 852 5916 Quem
895 5864 1014 5906 cum
1061 5848 1307 5918 persequi
1332 5847 1597 5915 iussisset,
1649 5846 1819 5915 ipsius

1910 3379 2071 3434 ferret
2118 3380 2498 3435 obtestaretur.
2533 3380 2644 3435 Nec
2674 3394 2802 3434 vero
2833 3380 3099 3449 lugentem
3155 3394 3278 3434 eum
3325 3377 3499 3432 bonus

1907 3470 1999 3525 ille
2030 3472 2171 3524 Deus
2212 3471 2492 3541 despexit;
2524 3472 2786 3541 benignus
2816 3473 2960 3526 enim
2991 3480 3075 3527 est
3109 3471 3173 3526 iis
3213 3470 3307 3540 qui
3331 3470 3499 3539 ipsius

1909 3580 2065 3634 opem
2110 3565 2164 3619 in
2191 3565 2276 3621 die
2319 3566 2685 3620 tribulationis
2711 3574 3046 3635 exspectant,
3086 3575 3247 3633 atque
3277 3579 3372 3617 eos
3407 3563 3497 3631 qui

1910 3658 2078 3728 ipsius
2123 3668 2267 3712 metu
2296 3660 2505 3727 praediti
2563 3667 2686 3711 sunt
2727 3658 2986 3727 agnoscit.
3036 3656 3188 3711 Unde
3232 3656 3390 3709 etiam
3417 3655 3503 3723 ju-

1919 3751 2038 3804 veni
2067 3766 2165 3820 per
2186 3762 2508 3805 nocturnum
2542 3751 2713 3805 visum
2739 3751 2914 3803 omnia
2946 3749 3203 3814 declarat,
3233 3748 3504 3817 roburque

1911 3838 2011 3907 ipsi
2046 3840 2213 3905 addit,
2243 3848 2404 3910 atque
2429 3840 2494 3894 ad
2518 3841 2728 3910 pietatis
2750 3850 3021 3895 certamen
3044 3856 3166 3894 eum
3195 3841 3503 3894 confirmat.

1915 3932 2274 4002 Experrectus
2302 3933 2484 4003 itaque
2503 3948 2596 3988 cor
2622 3947 2775 3986 suum
2810 3932 2968 4001 paulo
2996 3946 3119 3985 ante
3150 3931 3406 3985 mtestitia
3440 3944 3503 3983 ac

1916 4028 2101 4083 dolore
2150 4026 2507 4098 proﬂigatum,
2540 4027 2724 4081 Iustitia
2746 4070 2749 4071 ν
2772 4036 2823 4080 et
2855 4024 3043 4079 fiducia
3075 4023 3505 4092 suavissimoque

1916 4119 2117 4173 lumine
2150 4121 2306 4189 297
2338 4116 2612 4187 perfusum
2660 4119 2879 4186 reperit.
2926 4116 3039 4171 Rex
3086 4126 3263 4170 autem
3309 4116 3391 4169 his
3431 4116 3503 4169 ita

1915 4210 2102 4279 gestis,
2147 4218 2304 4277 atque
2344 4208 2472 4262 inita
2505 4206 2809 4278 huiusmodi
2839 4207 3177 4275 cegitatione,
3213 4204 3498 4276 gaudebat,

1919 4299 2175 4369 praeclara
2202 4299 2629 4354 consideratione
2655 4314 2713 4352 se
2742 4299 2817 4351 uti
2863 4298 3201 4364 existimans,
3238 4294 3506 4362 amplissic

1919 4407 2169 4460 mamque
2191 4391 2384 4446 Arachi
2414 4392 2641 4461 gratiam
2688 4390 2910 4445 habens.
2949 4388 3169 4451 Verum,
3225 4398 3283 4442 ut
3335 4386 3503 4442 divini

1920 4480 2137 4535 Davidis
2167 4482 2343 4537 verbis
2370 4494 2507 4545 utar,
2543 4482 2761 4535 mentita
2795 4490 2879 4535 est
2910 4480 3157 4547 iniquitas
3200 4479 3303 4533 sibi
3327 4476 3500 4547 (Psal.

1920 4570 2093 4642 χχιι),
2123 4584 2282 4642 atque
2321 4572 2527 4641 iustitia
2579 4574 2836 4626 adversus
2886 4571 3218 4639 iniquitatem
3268 4569 3500 4637 palmam

1840 4656 2059 4728 Dtulit,
2104 4677 2324 4730 prorsus
2372 4662 2619 4717 videlicet
2661 4678 2779 4717 eam
2826 4671 3070 4717 sternens
3120 4676 3182 4715 ac
3221 4659 3502 4728 dejiciens.

1922 4754 2186 4824 periitque
2239 4755 2497 4808 memoria
2552 4755 2670 4821 ejus
2721 4770 2841 4807 cum
2892 4752 3070 4807 sonitu
3138 4751 3310 4821 (Paul.
3387 4751 3502 4818 Ix),

1919 4844 2365 4914 quemadmodum
2415 4847 2679 4900 sermonis
2713 4859 2997 4915 progressu
3045 4860 3074 4898 a
3121 4841 3275 4899 nobis
3316 4851 3505 4897 osten-

1922 4937 2125 5006 detur).

1993 5026 2554 5097 Biduo-quippepost
2590 5043 2683 5082 rex
2723 5028 2790 5082 ad
2832 5027 2920 5080 lilii
2953 5026 3202 5095 pdatium
3235 5025 3496 5091 accessit,

1927 5134 2097 5187 eoque
2128 5120 2225 5185 ipsi
2256 5119 2465 5173 obviam
2508 5119 2829 5185 prodeunte,
2876 5131 3022 5188 pater
3059 5134 3180 5174 eum
3218 5134 3314 5173 suo
3354 5134 3507 5175 more

1925 5212 2146 5264 minime
2170 5211 2443 5265 osculatus
2471 5220 2549 5264 est
2569 5250 2585 5276 ,
2613 5226 2794 5265 verum
2814 5250 2829 5275 ,
2859 5212 3155 5282 indignanti
3183 5221 3345 5282 atque
3370 5213 3506 5267 irato

1921 5300 2142 5367 similis,
2171 5301 2220 5354 in
2250 5302 2453 5372 regium
2478 5302 2781 5356 cubiculum
2811 5302 3079 5370 ingressus
3099 5340 3116 5369 ,
3143 5314 3334 5357 moesto
3361 5305 3510 5358 vultu

1922 5392 2189 5445 consedit.
2234 5392 2311 5445 Ac
2357 5391 2551 5446 deinde
2579 5392 2753 5446 accito
2789 5392 2934 5457 filio,
2968 5393 3051 5447 his
3081 5393 3148 5447 ad
3175 5409 3296 5447 eum
3330 5392 3507 5449 verbis

1920 5481 2127 5535 mitur:
2162 5481 2300 5548 Fili,
2330 5497 2571 5552 quasnam
2605 5484 2719 5538 haec
2747 5484 2883 5540 fama
2925 5495 3036 5550 est,
3081 5502 3197 5553 qua:
3238 5485 3305 5541 ad
3347 5501 3504 5541 aures

1920 5587 2072 5628 meas
2104 5574 2436 5641 permeavit,
2467 5576 2812 5646 animumque
2843 5592 3018 5631 meum
3065 5591 3297 5632 maerore
3337 5577 3505 5632 conﬁ-

1922 5663 2037 5718 cit?
2066 5677 2237 5731 neque
2277 5663 2420 5717 enim
2464 5664 2714 5718 existimo
2756 5666 2922 5720 ullum
2965 5682 3197 5735 unquam
3227 5666 3500 5720 hominem

1922 5752 1993 5807 ob
2019 5754 2107 5807 lilii
2136 5764 2310 5807 ortum
2340 5762 2485 5808 tanto
2510 5754 2702 5823 gaudio
2730 5754 3000 5824 perfusum
3029 5755 3225 5820 fuisse,
3246 5762 3499 5823 quantam

1922 5858 2022 5914 ego
2054 5851 2140 5899 tua
2174 5860 2332 5901 causa
2364 5845 2687 5916 voluptatem
2723 5845 2932 5915 percepi
2961 5862 2976 5911 ;
3025 5856 3123 5900 nec
3160 5854 3373 5900 rursum
3419 5840 3505 5896 uie
