  <div class='ocr_page' id='page_1' title='image "/cluster/home/n/w/nwhite01/storage/ocr_20150623/73/uva.x000827085/275.png"; bbox 0 0 4010 6240; ppageno 0'>
   <div class='ocr_carea' id='block_1_1' title="bbox 485 379 588 437">
    <p class='ocr_par' dir='ltr' id='par_1_1' title="bbox 485 379 588 437">
     <span class='ocr_line' id='line_1_1' title="bbox 485 379 588 437; baseline 0.029 -3"><span class='ocrx_word' id='word_1_1' title='bbox 485 379 588 437; x_wconf 75' lang='grc'><strong>555</strong></span> 
     </span>
    </p>
   </div>
   <div class='ocr_carea' id='block_1_2' title="bbox 1523 375 2716 441">
    <p class='ocr_par' dir='ltr' id='par_1_2' title="bbox 1523 375 2716 441">
     <span class='ocr_line' id='line_1_2' title="bbox 1523 375 2716 441; baseline -0.001 -5"><span class='ocrx_word' id='word_1_2' title='bbox 1523 381 1610 436; x_wconf 82' lang='lat' dir='ltr'><strong>DE</strong></span> <span class='ocrx_word' id='word_1_3' title='bbox 1649 379 1826 441; x_wconf 72' lang='lat' dir='ltr'>VITIS</span> <span class='ocrx_word' id='word_1_4' title='bbox 1865 377 2144 435; x_wconf 73' lang='lat' dir='ltr'><strong>PATRUM</strong></span> <span class='ocrx_word' id='word_1_5' title='bbox 2188 376 2403 433; x_wconf 79' lang='lat' dir='ltr'><strong>LIBER</strong></span> <span class='ocrx_word' id='word_1_6' title='bbox 2439 375 2716 435; x_wconf 77' lang='lat' dir='ltr'><strong>PRIMUS.</strong></span> 
     </span>
    </p>
   </div>
   <div class='ocr_carea' id='block_1_3' title="bbox 3649 382 3762 444">
    <p class='ocr_par' dir='ltr' id='par_1_3' title="bbox 3649 382 3762 444">
     <span class='ocr_line' id='line_1_3' title="bbox 3649 382 3762 444; baseline -0.018 0"><span class='ocrx_word' id='word_1_7' title='bbox 3649 382 3762 444; x_wconf 68' lang='lat'><strong>556</strong></span> 
     </span>
    </p>
   </div>
   <div class='ocr_carea' id='block_1_4' title="bbox 488 489 3759 567">
    <p class='ocr_par' dir='ltr' id='par_1_4' title="bbox 488 489 3759 567">
     <span class='ocr_line' id='line_1_4' title="bbox 488 489 3759 567; baseline 0.001 -17"><span class='ocrx_word' id='word_1_8' title='bbox 488 497 596 554; x_wconf 90' lang='lat' dir='ltr'><strong>lum</strong></span> <span class='ocrx_word' id='word_1_9' title='bbox 648 510 882 567; x_wconf 77' lang='lat' dir='ltr'><strong>unquam</strong></span> <span class='ocrx_word' id='word_1_10' title='bbox 929 501 1132 550; x_wconf 83' lang='lat' dir='ltr'><strong>tantum</strong></span> <span class='ocrx_word' id='word_1_11' title='bbox 1183 495 1430 550; x_wconf 63' lang='lat' dir='ltr'><strong>maeroris</strong></span> <span class='ocrx_word' id='word_1_12' title='bbox 1471 509 1537 550; x_wconf 83' lang='lat' dir='ltr'><strong>ex</strong></span> <span class='ocrx_word' id='word_1_13' title='bbox 1581 495 1691 550; x_wconf 85' lang='lat' dir='ltr'><strong>ﬁlio</strong></span> <span class='ocrx_word' id='word_1_14' title='bbox 1732 493 2064 549; x_wconf 79' lang='lat' dir='ltr'><strong>contraxisse</strong></span> <span class='ocrx_word' id='word_1_15' title='bbox 2093 491 2145 552; x_wconf 83' lang='lat' dir='ltr'><strong>A</strong></span> <span class='ocrx_word' id='word_1_16' title='bbox 2171 490 2372 545; x_wconf 86' lang='lat' dir='ltr'><strong>tnficias</strong></span> <span class='ocrx_word' id='word_1_17' title='bbox 2415 491 2626 546; x_wconf 84' lang='lat' dir='ltr'><strong>iverim.</strong></span> <span class='ocrx_word' id='word_1_18' title='bbox 2666 489 2924 547; x_wconf 82' lang='lat' dir='ltr'><strong>Tenebris</strong></span> <span class='ocrx_word' id='word_1_19' title='bbox 2965 492 3106 548; x_wconf 89' lang='lat' dir='ltr'><strong>enim</strong></span> <span class='ocrx_word' id='word_1_20' title='bbox 3149 493 3269 564; x_wconf 84' lang='lat' dir='ltr'><strong>fuga</strong></span> <span class='ocrx_word' id='word_1_21' title='bbox 3297 493 3530 563; x_wconf 77' lang='lat' dir='ltr'><strong>relictis,</strong></span> <span class='ocrx_word' id='word_1_22' title='bbox 3568 497 3635 552; x_wconf 83' lang='lat' dir='ltr'><strong>ad</strong></span> <span class='ocrx_word' id='word_1_23' title='bbox 3678 500 3759 555; x_wconf 76' lang='lat' dir='ltr'><strong>lu-</strong></span> 
     </span>
    </p>
   </div>
   <div class='ocr_carea' id='block_1_5' title="bbox 485 581 2066 656">
    <p class='ocr_par' dir='ltr' id='par_1_5' title="bbox 485 581 2066 656">
     <span class='ocr_line' id='line_1_5' title="bbox 485 581 2066 656; baseline -0.003 -16"><span class='ocrx_word' id='word_1_24' title='bbox 485 588 688 650; x_wconf 84' lang='lat' dir='ltr'><strong>credo,</strong></span> <span class='ocrx_word' id='word_1_25' title='bbox 729 595 987 656; x_wconf 89' lang='lat' dir='ltr'><strong>quantum</strong></span> <span class='ocrx_word' id='word_1_26' title='bbox 1031 599 1174 640; x_wconf 92' lang='lat' dir='ltr'><strong>nunc</strong></span> <span class='ocrx_word' id='word_1_27' title='bbox 1216 601 1280 639; x_wconf 83' lang='lat' dir='ltr'><strong>ex</strong></span> <span class='ocrx_word' id='word_1_28' title='bbox 1323 594 1374 640; x_wconf 90' lang='lat' dir='ltr'><strong>te</strong></span> <span class='ocrx_word' id='word_1_29' title='bbox 1412 586 1672 640; x_wconf 79' lang='lat' dir='ltr'><strong>contraxi.</strong></span> <span class='ocrx_word' id='word_1_30' title='bbox 1717 584 1884 640; x_wconf 81' lang='lat' dir='ltr'><strong>Meam</strong></span> <span class='ocrx_word' id='word_1_31' title='bbox 1927 581 2066 636; x_wconf 78' lang='lat' dir='ltr'><strong>enim</strong></span> 
     </span>
    </p>
   </div>
   <div class='ocr_carea' id='block_1_6' title="bbox 485 676 2069 740">
    <p class='ocr_par' dir='ltr' id='par_1_6' title="bbox 485 676 2069 740">
     <span class='ocr_line' id='line_1_6' title="bbox 485 676 2069 740; baseline -0.003 -8"><span class='ocrx_word' id='word_1_32' title='bbox 485 676 738 732; x_wconf 81' lang='lat' dir='ltr'><strong>canitiem</strong></span> <span class='ocrx_word' id='word_1_33' title='bbox 771 676 1036 732; x_wconf 90' lang='lat' dir='ltr'><strong>dedecore</strong></span> <span class='ocrx_word' id='word_1_34' title='bbox 1064 676 1310 740; x_wconf 82' lang='lat' dir='ltr'><strong>affecisti,</strong></span> <span class='ocrx_word' id='word_1_35' title='bbox 1333 691 1395 730; x_wconf 89' lang='lat' dir='ltr'><strong>ac</strong></span> <span class='ocrx_word' id='word_1_36' title='bbox 1425 677 1594 731; x_wconf 89' lang='lat' dir='ltr'><strong>lucem</strong></span> <span class='ocrx_word' id='word_1_37' title='bbox 1623 676 1896 730; x_wconf 89' lang='lat' dir='ltr'><strong>oculorum</strong></span> <span class='ocrx_word' id='word_1_38' title='bbox 1924 690 2069 728; x_wconf 85' lang='lat' dir='ltr'><strong>meo-</strong></span> 
     </span>
    </p>
   </div>
   <div class='ocr_carea' id='block_1_7' title="bbox 486 766 2070 836">
    <p class='ocr_par' dir='ltr' id='par_1_7' title="bbox 486 766 2070 836">
     <span class='ocr_line' id='line_1_7' title="bbox 486 766 2070 836; baseline -0.001 -16"><span class='ocrx_word' id='word_1_39' title='bbox 486 784 602 820; x_wconf 70' lang='lat' dir='ltr'><strong>rum</strong></span> <span class='ocrx_word' id='word_1_40' title='bbox 649 767 946 832; x_wconf 75' lang='lat' dir='ltr'><strong>ahstulisd,</strong></span> <span class='ocrx_word' id='word_1_41' title='bbox 995 782 1385 836; x_wconf 80' lang='lat' dir='ltr'><strong>nervorumque</strong></span> <span class='ocrx_word' id='word_1_42' title='bbox 1434 782 1671 822; x_wconf 86' lang='lat' dir='ltr'><strong>meorum</strong></span> <span class='ocrx_word' id='word_1_43' title='bbox 1719 767 1878 821; x_wconf 90' lang='lat' dir='ltr'><strong>robur</strong></span> <span class='ocrx_word' id='word_1_44' title='bbox 1924 766 2070 820; x_wconf 84' lang='lat' dir='ltr'><strong>exci-</strong></span> 
     </span>
    </p>
   </div>
   <div class='ocr_carea' id='block_1_8' title="bbox 490 855 2073 924">
    <p class='ocr_par' dir='ltr' id='par_1_8' title="bbox 490 855 2073 924">
     <span class='ocr_line' id='line_1_8' title="bbox 490 855 2073 924; baseline -0.002 -13"><span class='ocrx_word' id='word_1_45' title='bbox 490 856 642 911; x_wconf 85' lang='lat' dir='ltr'><strong>disti.</strong></span> <span class='ocrx_word' id='word_1_46' title='bbox 671 855 858 911; x_wconf 80' lang='lat' dir='ltr'><strong>Timor</strong></span> <span class='ocrx_word' id='word_1_47' title='bbox 887 856 1027 910; x_wconf 89' lang='lat' dir='ltr'><strong>enim</strong></span> <span class='ocrx_word' id='word_1_48' title='bbox 1051 896 1064 920; x_wconf 93' lang='lat'><strong>,</strong></span> <span class='ocrx_word' id='word_1_49' title='bbox 1097 871 1253 924; x_wconf 85' lang='lat' dir='ltr'><strong>quem</strong></span> <span class='ocrx_word' id='word_1_50' title='bbox 1298 865 1383 909; x_wconf 88' lang='lat' dir='ltr'><strong>tua</strong></span> <span class='ocrx_word' id='word_1_51' title='bbox 1422 870 1582 910; x_wconf 88' lang='lat' dir='ltr'><strong>causa</strong></span> <span class='ocrx_word' id='word_1_52' title='bbox 1626 857 1908 922; x_wconf 89' lang='lat' dir='ltr'><strong>timebam,</strong></span> <span class='ocrx_word' id='word_1_53' title='bbox 1948 869 2073 909; x_wconf 83' lang='lat' dir='ltr'><strong>eve-</strong></span> 
     </span>
    </p>
   </div>
   <div class='ocr_carea' id='block_1_9' title="bbox 494 945 2071 1015">
    <p class='ocr_par' dir='ltr' id='par_1_9' title="bbox 494 945 2071 1015">
     <span class='ocr_line' id='line_1_9' title="bbox 494 945 2071 1015; baseline 0 -15"><span class='ocrx_word' id='word_1_54' title='bbox 494 948 573 1001; x_wconf 93' lang='lat' dir='ltr'><strong>nit</strong></span> <span class='ocrx_word' id='word_1_55' title='bbox 603 947 766 1001; x_wconf 91' lang='lat' dir='ltr'><strong>mihi:</strong></span> <span class='ocrx_word' id='word_1_56' title='bbox 800 956 854 1001; x_wconf 88' lang='lat' dir='ltr'><strong>et</strong></span> <span class='ocrx_word' id='word_1_57' title='bbox 885 946 1026 1015; x_wconf 91' lang='lat' dir='ltr'><strong>quod</strong></span> <span class='ocrx_word' id='word_1_58' title='bbox 1056 945 1300 1010; x_wconf 88' lang='lat' dir='ltr'><strong>verebar,</strong></span> <span class='ocrx_word' id='word_1_59' title='bbox 1342 946 1535 999; x_wconf 78' lang='lat' dir='ltr'><strong>accidit</strong></span> <span class='ocrx_word' id='word_1_60' title='bbox 1575 947 1726 1000; x_wconf 90' lang='lat' dir='ltr'><strong>mihi.</strong></span> <span class='ocrx_word' id='word_1_61' title='bbox 1773 947 2071 1013; x_wconf 86' lang='lat' dir='ltr'><strong>Factusque</strong></span> 
     </span>
    </p>
   </div>
   <div class='ocr_carea' id='block_1_10' title="bbox 487 1036 2072 1102">
    <p class='ocr_par' dir='ltr' id='par_1_10' title="bbox 487 1036 2072 1102">
     <span class='ocr_line' id='line_1_10' title="bbox 487 1036 2072 1102; baseline 0 -11"><span class='ocrx_word' id='word_1_62' title='bbox 487 1052 605 1091; x_wconf 81' lang='lat' dir='ltr'><strong>sum</strong></span> <span class='ocrx_word' id='word_1_63' title='bbox 642 1037 885 1092; x_wconf 81' lang='lat' dir='ltr'><strong>hostibus</strong></span> <span class='ocrx_word' id='word_1_64' title='bbox 914 1036 1047 1090; x_wconf 87' lang='lat' dir='ltr'><strong>meis</strong></span> <span class='ocrx_word' id='word_1_65' title='bbox 1079 1038 1136 1090; x_wconf 89' lang='lat' dir='ltr'><strong>in</strong></span> <span class='ocrx_word' id='word_1_66' title='bbox 1171 1037 1456 1091; x_wconf 84' lang='lat' dir='ltr'><strong>ludibrium</strong></span> <span class='ocrx_word' id='word_1_67' title='bbox 1477 1077 1493 1102; x_wconf 91' lang='lat'><strong>,</strong></span> <span class='ocrx_word' id='word_1_68' title='bbox 1525 1049 1577 1092; x_wconf 91' lang='lat' dir='ltr'><strong>et</strong></span> <span class='ocrx_word' id='word_1_69' title='bbox 1603 1040 1654 1092; x_wconf 92' lang='lat' dir='ltr'><strong>iu</strong></span> <span class='ocrx_word' id='word_1_70' title='bbox 1687 1039 1853 1092; x_wconf 90' lang='lat' dir='ltr'><strong>risum</strong></span> <span class='ocrx_word' id='word_1_71' title='bbox 1882 1038 2072 1092; x_wconf 88' lang='lat' dir='ltr'><strong>adver-</strong></span> 
     </span>
    </p>
   </div>
   <div class='ocr_carea' id='block_1_11' title="bbox 486 1127 2072 1196">
    <p class='ocr_par' dir='ltr' id='par_1_11' title="bbox 486 1127 2072 1196">
     <span class='ocr_line' id='line_1_11' title="bbox 486 1127 2072 1196; baseline -0.001 -13"><span class='ocrx_word' id='word_1_72' title='bbox 486 1128 642 1183; x_wconf 86' lang='lat' dir='ltr'><strong>sariis</strong></span> <span class='ocrx_word' id='word_1_73' title='bbox 674 1128 806 1181; x_wconf 88' lang='lat' dir='ltr'><strong>meis</strong></span> <span class='ocrx_word' id='word_1_74' title='bbox 833 1127 982 1196; x_wconf 85' lang='lat' dir='ltr'><strong>(Job.</strong></span> <span class='ocrx_word' id='word_1_75' title='bbox 1013 1127 1117 1190; x_wconf 85' lang='lat' dir='ltr'><strong>ut).</strong></span> <span class='ocrx_word' id='word_1_76' title='bbox 1149 1128 1319 1181; x_wconf 92' lang='lat' dir='ltr'><strong>Stulta</strong></span> <span class='ocrx_word' id='word_1_77' title='bbox 1356 1136 1533 1182; x_wconf 81' lang='lat' dir='ltr'><strong>mente</strong></span> <span class='ocrx_word' id='word_1_78' title='bbox 1561 1143 1624 1183; x_wconf 92' lang='lat' dir='ltr'><strong>ac</strong></span> <span class='ocrx_word' id='word_1_79' title='bbox 1666 1129 1855 1196; x_wconf 86' lang='lat' dir='ltr'><strong>puerili</strong></span> <span class='ocrx_word' id='word_1_80' title='bbox 1893 1129 2072 1182; x_wconf 88' lang='lat' dir='ltr'><strong>animo</strong></span> 
     </span>
    </p>
   </div>
   <div class='ocr_carea' id='block_1_12' title="bbox 486 1217 2072 1288">
    <p class='ocr_par' dir='ltr' id='par_1_12' title="bbox 486 1217 2072 1288">
     <span class='ocr_line' id='line_1_12' title="bbox 486 1217 2072 1288; baseline 0.002 -17"><span class='ocrx_word' id='word_1_81' title='bbox 486 1231 838 1286; x_wconf 83' lang='lat' dir='ltr'><strong>ttnpostorum</strong></span> <span class='ocrx_word' id='word_1_82' title='bbox 871 1217 1047 1273; x_wconf 83' lang='lat' dir='ltr'><strong>verbis</strong></span> <span class='ocrx_word' id='word_1_83' title='bbox 1113 1219 1272 1274; x_wconf 84' lang='lat' dir='ltr'><strong>fidem</strong></span> <span class='ocrx_word' id='word_1_84' title='bbox 1314 1220 1635 1288; x_wconf 77' lang='lat' dir='ltr'><strong>adhibuisti,</strong></span> <span class='ocrx_word' id='word_1_85' title='bbox 1674 1233 1833 1288; x_wconf 86' lang='lat' dir='ltr'><strong>atque</strong></span> <span class='ocrx_word' id='word_1_86' title='bbox 1872 1221 2072 1288; x_wconf 85' lang='lat' dir='ltr'><strong>impro-</strong></span> 
     </span>
    </p>
   </div>
   <div class='ocr_carea' id='block_1_13' title="bbox 488 1309 2073 1366">
    <p class='ocr_par' dir='ltr' id='par_1_13' title="bbox 488 1309 2073 1366">
     <span class='ocr_line' id='line_1_13' title="bbox 488 1309 2073 1366; baseline -0.001 -1"><span class='ocrx_word' id='word_1_87' title='bbox 488 1309 674 1365; x_wconf 87' lang='lat' dir='ltr'><strong>borum</strong></span> <span class='ocrx_word' id='word_1_88' title='bbox 717 1321 770 1364; x_wconf 92' lang='lat' dir='ltr'><strong>et</strong></span> <span class='ocrx_word' id='word_1_89' title='bbox 818 1311 1198 1365; x_wconf 81' lang='lat' dir='ltr'><strong>malevolorum</strong></span> <span class='ocrx_word' id='word_1_90' title='bbox 1231 1311 1502 1365; x_wconf 85' lang='lat' dir='ltr'><strong>hominum</strong></span> <span class='ocrx_word' id='word_1_91' title='bbox 1535 1313 1814 1366; x_wconf 74' lang='lat' dir='ltr'><strong>consilium</strong></span> <span class='ocrx_word' id='word_1_92' title='bbox 1849 1312 2073 1365; x_wconf 92' lang='lat' dir='ltr'><strong>consilio</strong></span> 
     </span>
    </p>
   </div>
   <div class='ocr_carea' id='block_1_14' title="bbox 491 1404 2070 1472">
    <p class='ocr_par' dir='ltr' id='par_1_14' title="bbox 491 1404 2070 1472">
     <span class='ocr_line' id='line_1_14' title="bbox 491 1404 2070 1472; baseline 0.003 -16"><span class='ocrx_word' id='word_1_93' title='bbox 491 1419 611 1459; x_wconf 86' lang='lat' dir='ltr'><strong>meo</strong></span> <span class='ocrx_word' id='word_1_94' title='bbox 637 1404 909 1472; x_wconf 80' lang='lat' dir='ltr'><strong>antiquius</strong></span> <span class='ocrx_word' id='word_1_95' title='bbox 939 1404 1171 1471; x_wconf 81' lang='lat' dir='ltr'><strong>habens,</strong></span> <span class='ocrx_word' id='word_1_96' title='bbox 1198 1421 1261 1459; x_wconf 94' lang='lat' dir='ltr'><strong>ac</strong></span> <span class='ocrx_word' id='word_1_97' title='bbox 1289 1407 1511 1460; x_wconf 88' lang='lat' dir='ltr'><strong>deorum</strong></span> <span class='ocrx_word' id='word_1_98' title='bbox 1541 1416 1846 1462; x_wconf 90' lang='lat' dir='ltr'><strong>nostrorum</strong></span> <span class='ocrx_word' id='word_1_99' title='bbox 1873 1408 2070 1462; x_wconf 71' lang='lat' dir='ltr'><strong>cultum</strong></span> 
     </span>
    </p>
   </div>
   <div class='ocr_carea' id='block_1_15' title="bbox 487 1498 2074 1568">
    <p class='ocr_par' dir='ltr' id='par_1_15' title="bbox 487 1498 2074 1568">
     <span class='ocr_line' id='line_1_15' title="bbox 487 1498 2074 1568; baseline 0.001 -17"><span class='ocrx_word' id='word_1_100' title='bbox 487 1499 799 1568; x_wconf 89' lang='lat' dir='ltr'><strong>relinquens</strong></span> <span class='ocrx_word' id='word_1_101' title='bbox 822 1538 837 1562; x_wconf 94' lang='lat'><strong>,</strong></span> <span class='ocrx_word' id='word_1_102' title='bbox 870 1499 934 1552; x_wconf 92' lang='lat' dir='ltr'><strong>ad</strong></span> <span class='ocrx_word' id='word_1_103' title='bbox 963 1498 1122 1552; x_wconf 90' lang='lat' dir='ltr'><strong>alieni</strong></span> <span class='ocrx_word' id='word_1_104' title='bbox 1157 1499 1246 1552; x_wconf 89' lang='lat' dir='ltr'><strong>Dei</strong></span> <span class='ocrx_word' id='word_1_105' title='bbox 1271 1499 1470 1553; x_wconf 90' lang='lat' dir='ltr'><strong>cultum</strong></span> <span class='ocrx_word' id='word_1_106' title='bbox 1502 1509 1552 1552; x_wconf 90' lang='lat' dir='ltr'><strong>te</strong></span> <span class='ocrx_word' id='word_1_107' title='bbox 1581 1500 1875 1554; x_wconf 84' lang='lat' dir='ltr'><strong>contulisti.</strong></span> <span class='ocrx_word' id='word_1_108' title='bbox 1911 1500 2074 1566; x_wconf 84' lang='lat' dir='ltr'><strong>Quid-</strong></span> 
     </span>
    </p>
   </div>
   <div class='ocr_carea' id='block_1_16' title="bbox 494 1588 2074 1656">
    <p class='ocr_par' dir='ltr' id='par_1_16' title="bbox 494 1588 2074 1656">
     <span class='ocr_line' id='line_1_16' title="bbox 494 1588 2074 1656; baseline 0.002 -14"><span class='ocrx_word' id='word_1_109' title='bbox 494 1604 616 1642; x_wconf 86' lang='lat' dir='ltr'><strong>nam</strong></span> <span class='ocrx_word' id='word_1_110' title='bbox 651 1588 775 1656; x_wconf 87' lang='lat' dir='ltr'><strong>tibi,</strong></span> <span class='ocrx_word' id='word_1_111' title='bbox 811 1589 880 1640; x_wconf 91' lang='lat' dir='ltr'><strong>lili</strong></span> <span class='ocrx_word' id='word_1_112' title='bbox 902 1631 916 1654; x_wconf 88' lang='lat'><strong>,</strong></span> <span class='ocrx_word' id='word_1_113' title='bbox 953 1589 1005 1642; x_wconf 92' lang='lat' dir='ltr'><strong>in</strong></span> <span class='ocrx_word' id='word_1_114' title='bbox 1035 1599 1269 1642; x_wconf 87' lang='lat' dir='ltr'><strong>mentem</strong></span> <span class='ocrx_word' id='word_1_115' title='bbox 1298 1588 1474 1656; x_wconf 84' lang='lat' dir='ltr'><strong>venit,</strong></span> <span class='ocrx_word' id='word_1_116' title='bbox 1509 1599 1564 1644; x_wconf 91' lang='lat' dir='ltr'><strong>ut</strong></span> <span class='ocrx_word' id='word_1_117' title='bbox 1596 1590 1710 1644; x_wconf 72' lang='lat' dir='ltr'><strong>haac</strong></span> <span class='ocrx_word' id='word_1_118' title='bbox 1734 1589 1978 1656; x_wconf 82' lang='lat' dir='ltr'><strong>faceres;</strong></span> <span class='ocrx_word' id='word_1_119' title='bbox 2011 1606 2074 1645; x_wconf 87' lang='lat' dir='ltr'><strong>ac</strong></span> 
     </span>
    </p>
   </div>
   <div class='ocr_carea' id='block_1_17' title="bbox 491 1680 2070 1750">
    <p class='ocr_par' dir='ltr' id='par_1_17' title="bbox 491 1680 2070 1750">
     <span class='ocr_line' id='line_1_17' title="bbox 491 1680 2070 1750; baseline 0.001 -17"><span class='ocrx_word' id='word_1_120' title='bbox 491 1689 581 1745; x_wconf 92' lang='lat' dir='ltr'><strong>tu,</strong></span> <span class='ocrx_word' id='word_1_121' title='bbox 627 1695 784 1749; x_wconf 89' lang='lat' dir='ltr'><strong>quem</strong></span> <span class='ocrx_word' id='word_1_122' title='bbox 827 1681 880 1735; x_wconf 94' lang='lat' dir='ltr'><strong>in</strong></span> <span class='ocrx_word' id='word_1_123' title='bbox 921 1681 1064 1734; x_wconf 92' lang='lat' dir='ltr'><strong>omni</strong></span> <span class='ocrx_word' id='word_1_124' title='bbox 1109 1680 1398 1736; x_wconf 90' lang='lat' dir='ltr'><strong>securitate</strong></span> <span class='ocrx_word' id='word_1_125' title='bbox 1435 1681 1582 1736; x_wconf 89' lang='lat' dir='ltr'><strong>alere</strong></span> <span class='ocrx_word' id='word_1_126' title='bbox 1620 1697 1707 1737; x_wconf 88' lang='lat' dir='ltr'><strong>me</strong></span> <span class='ocrx_word' id='word_1_127' title='bbox 1743 1682 2070 1750; x_wconf 88' lang='lat' dir='ltr'><strong>sperabam,</strong></span> 
     </span>
    </p>
   </div>
   <div class='ocr_carea' id='block_1_18' title="bbox 487 1771 2073 1838">
    <p class='ocr_par' dir='ltr' id='par_1_18' title="bbox 487 1771 2073 1838">
     <span class='ocr_line' id='line_1_18' title="bbox 487 1771 2073 1838; baseline 0.003 -15"><span class='ocrx_word' id='word_1_128' title='bbox 487 1785 755 1838; x_wconf 86' lang='lat' dir='ltr'><strong>quemque</strong></span> <span class='ocrx_word' id='word_1_129' title='bbox 784 1771 1074 1825; x_wconf 83' lang='lat' dir='ltr'><strong>senectutis</strong></span> <span class='ocrx_word' id='word_1_130' title='bbox 1106 1787 1238 1825; x_wconf 66' lang='lat' dir='ltr'><strong>mete</strong></span> <span class='ocrx_word' id='word_1_131' title='bbox 1266 1771 1512 1826; x_wconf 88' lang='lat' dir='ltr'><strong>baculum</strong></span> <span class='ocrx_word' id='word_1_132' title='bbox 1567 1786 1632 1828; x_wconf 91' lang='lat' dir='ltr'><strong>ac</strong></span> <span class='ocrx_word' id='word_1_133' title='bbox 1702 1775 1865 1828; x_wconf 90' lang='lat' dir='ltr'><strong>robur</strong></span> <span class='ocrx_word' id='word_1_134' title='bbox 1920 1775 2073 1828; x_wconf 90' lang='lat' dir='ltr'><strong>habi-</strong></span> 
     </span>
    </p>
   </div>
   <div class='ocr_carea' id='block_1_19' title="bbox 2171 581 3760 646">
    <p class='ocr_par' dir='ltr' id='par_1_19' title="bbox 2171 581 3760 646">
     <span class='ocr_line' id='line_1_19' title="bbox 2171 581 3760 646; baseline 0.006 -11"><span class='ocrx_word' id='word_1_135' title='bbox 2171 595 2287 635; x_wconf 90' lang='lat' dir='ltr'><strong>cem</strong></span> <span class='ocrx_word' id='word_1_136' title='bbox 2318 581 2559 646; x_wconf 92' lang='lat' dir='ltr'><strong>accurri,</strong></span> <span class='ocrx_word' id='word_1_137' title='bbox 2591 597 2653 636; x_wconf 91' lang='lat' dir='ltr'><strong>ac</strong></span> <span class='ocrx_word' id='word_1_138' title='bbox 2679 582 2867 637; x_wconf 89' lang='lat' dir='ltr'><strong>relicto</strong></span> <span class='ocrx_word' id='word_1_139' title='bbox 2894 599 3078 639; x_wconf 90' lang='lat' dir='ltr'><strong>errore</strong></span> <span class='ocrx_word' id='word_1_140' title='bbox 3105 584 3171 639; x_wconf 90' lang='lat' dir='ltr'><strong>ad</strong></span> <span class='ocrx_word' id='word_1_141' title='bbox 3202 584 3481 641; x_wconf 82' lang='lat' dir='ltr'><strong>veritatem</strong></span> <span class='ocrx_word' id='word_1_142' title='bbox 3527 603 3615 644; x_wconf 83' lang='lat' dir='ltr'><strong>me</strong></span> <span class='ocrx_word' id='word_1_143' title='bbox 3659 591 3760 644; x_wconf 87' lang='lat' dir='ltr'><strong>ad-</strong></span> 
     </span>
    </p>
   </div>
   <div class='ocr_carea' id='block_1_20' title="bbox 2168 671 3760 743">
    <p class='ocr_par' dir='ltr' id='par_1_20' title="bbox 2168 671 3760 743">
     <span class='ocr_line' id='line_1_20' title="bbox 2168 671 3760 743; baseline 0.008 -19"><span class='ocrx_word' id='word_1_144' title='bbox 2168 671 2366 741; x_wconf 78' lang='lat' dir='ltr'><strong>junxi:</strong></span> <span class='ocrx_word' id='word_1_145' title='bbox 2419 673 2714 743; x_wconf 87' lang='lat' dir='ltr'><strong>nuntioque</strong></span> <span class='ocrx_word' id='word_1_146' title='bbox 2741 673 3075 730; x_wconf 59' lang='lat' dir='ltr'><strong>daemonibus</strong></span> <span class='ocrx_word' id='word_1_147' title='bbox 3120 677 3382 743; x_wconf 87' lang='lat' dir='ltr'><strong>remisso,</strong></span> <span class='ocrx_word' id='word_1_148' title='bbox 3437 679 3506 733; x_wconf 90' lang='lat' dir='ltr'><strong>ad</strong></span> <span class='ocrx_word' id='word_1_149' title='bbox 3553 681 3760 737; x_wconf 78' lang='lat' dir='ltr'><strong>Christi</strong></span> 
     </span>
    </p>
   </div>
   <div class='ocr_carea' id='block_1_21' title="bbox 2171 764 3761 837">
    <p class='ocr_par' dir='ltr' id='par_1_21' title="bbox 2171 764 3761 837">
     <span class='ocr_line' id='line_1_21' title="bbox 2171 764 3761 837; baseline 0.008 -19"><span class='ocrx_word' id='word_1_150' title='bbox 2171 764 2389 820; x_wconf 86' lang='lat' dir='ltr'><strong>ordines</strong></span> <span class='ocrx_word' id='word_1_151' title='bbox 2417 780 2505 820; x_wconf 91' lang='lat' dir='ltr'><strong>me</strong></span> <span class='ocrx_word' id='word_1_152' title='bbox 2533 767 2771 831; x_wconf 90' lang='lat' dir='ltr'><strong>contuli,</strong></span> <span class='ocrx_word' id='word_1_153' title='bbox 2800 768 2887 837; x_wconf 89' lang='lat' dir='ltr'><strong>qui</strong></span> <span class='ocrx_word' id='word_1_154' title='bbox 2918 768 3006 823; x_wconf 87' lang='lat' dir='ltr'><strong>Dei</strong></span> <span class='ocrx_word' id='word_1_155' title='bbox 3040 769 3211 824; x_wconf 84' lang='lat' dir='ltr'><strong>Patris</strong></span> <span class='ocrx_word' id='word_1_156' title='bbox 3238 770 3408 827; x_wconf 84' lang='lat' dir='ltr'><strong>Filius</strong></span> <span class='ocrx_word' id='word_1_157' title='bbox 3437 786 3501 827; x_wconf 90' lang='lat' dir='ltr'><strong>ac</strong></span> <span class='ocrx_word' id='word_1_158' title='bbox 3525 773 3761 831; x_wconf 79' lang='lat' dir='ltr'><strong>Verbum</strong></span> 
     </span>
    </p>
   </div>
   <div class='ocr_carea' id='block_1_22' title="bbox 2173 855 3765 935">
    <p class='ocr_par' dir='ltr' id='par_1_22' title="bbox 2173 855 3765 935">
     <span class='ocr_line' id='line_1_22' title="bbox 2173 855 3765 935; baseline 0.007 -25"><span class='ocrx_word' id='word_1_159' title='bbox 2173 865 2289 921; x_wconf 88' lang='lat' dir='ltr'><strong>est,</strong></span> <span class='ocrx_word' id='word_1_160' title='bbox 2323 855 2585 925; x_wconf 89' lang='lat' dir='ltr'><strong>cujusque</strong></span> <span class='ocrx_word' id='word_1_161' title='bbox 2612 858 2776 912; x_wconf 89' lang='lat' dir='ltr'><strong>verbo</strong></span> <span class='ocrx_word' id='word_1_162' title='bbox 2806 859 2984 912; x_wconf 91' lang='lat' dir='ltr'><strong>omnia</strong></span> <span class='ocrx_word' id='word_1_163' title='bbox 3013 875 3076 913; x_wconf 83' lang='lat' dir='ltr'><strong>ex</strong></span> <span class='ocrx_word' id='word_1_164' title='bbox 3107 860 3273 915; x_wconf 86' lang='lat' dir='ltr'><strong>nihilo</strong></span> <span class='ocrx_word' id='word_1_165' title='bbox 3318 862 3370 916; x_wconf 90' lang='lat' dir='ltr'><strong>in</strong></span> <span class='ocrx_word' id='word_1_166' title='bbox 3414 873 3591 920; x_wconf 89' lang='lat' dir='ltr'><strong>ortum</strong></span> <span class='ocrx_word' id='word_1_167' title='bbox 3636 883 3765 935; x_wconf 87' lang='lat' dir='ltr'><strong>pro-</strong></span> 
     </span>
    </p>
   </div>
   <div class='ocr_carea' id='block_1_23' title="bbox 2172 946 3761 1017">
    <p class='ocr_par' dir='ltr' id='par_1_23' title="bbox 2172 946 3761 1017">
     <span class='ocr_line' id='line_1_23' title="bbox 2172 946 3761 1017; baseline 0.008 -17"><span class='ocrx_word' id='word_1_168' title='bbox 2172 946 2331 1001; x_wconf 86' lang='lat' dir='ltr'><strong>ducta</strong></span> <span class='ocrx_word' id='word_1_169' title='bbox 2369 955 2531 1014; x_wconf 91' lang='lat' dir='ltr'><strong>sunt,</strong></span> <span class='ocrx_word' id='word_1_170' title='bbox 2575 948 2771 1017; x_wconf 91' lang='lat' dir='ltr'><strong>quique</strong></span> <span class='ocrx_word' id='word_1_171' title='bbox 2811 950 2991 1004; x_wconf 83' lang='lat' dir='ltr'><strong>efficto</strong></span> <span class='ocrx_word' id='word_1_172' title='bbox 3035 966 3066 1005; x_wconf 91' lang='lat' dir='ltr'><strong>e</strong></span> <span class='ocrx_word' id='word_1_173' title='bbox 3106 961 3249 1005; x_wconf 88' lang='lat' dir='ltr'><strong>terra</strong></span> <span class='ocrx_word' id='word_1_174' title='bbox 3291 952 3510 1010; x_wconf 88' lang='lat' dir='ltr'><strong>homine</strong></span> <span class='ocrx_word' id='word_1_175' title='bbox 3538 957 3761 1011; x_wconf 87' lang='lat' dir='ltr'><strong>vitalem</strong></span> 
     </span>
    </p>
   </div>
   <div class='ocr_carea' id='block_1_24' title="bbox 2173 1034 3764 1116">
    <p class='ocr_par' dir='ltr' id='par_1_24' title="bbox 2173 1034 3764 1116">
     <span class='ocr_line' id='line_1_24' title="bbox 2173 1034 3764 1116; baseline 0.008 -26"><span class='ocrx_word' id='word_1_176' title='bbox 2173 1034 2276 1102; x_wconf 89' lang='lat' dir='ltr'><strong>ipsi</strong></span> <span class='ocrx_word' id='word_1_177' title='bbox 2318 1044 2562 1104; x_wconf 79' lang='lat' dir='ltr'><strong>spiritum</strong></span> <span class='ocrx_word' id='word_1_178' title='bbox 2597 1036 2918 1104; x_wconf 81' lang='lat' dir='ltr'><strong>insufflavit,</strong></span> <span class='ocrx_word' id='word_1_179' title='bbox 2950 1055 3180 1107; x_wconf 87' lang='lat' dir='ltr'><strong>eumque</strong></span> <span class='ocrx_word' id='word_1_180' title='bbox 3209 1041 3260 1094; x_wconf 93' lang='lat' dir='ltr'><strong>in</strong></span> <span class='ocrx_word' id='word_1_181' title='bbox 3289 1043 3575 1110; x_wconf 85' lang='lat' dir='ltr'><strong>voluptatis</strong></span> <span class='ocrx_word' id='word_1_182' title='bbox 3604 1062 3764 1116; x_wconf 80' lang='lat' dir='ltr'><strong>para-</strong></span> 
     </span>
    </p>
   </div>
   <div class='ocr_carea' id='block_1_25' title="bbox 2173 1127 3762 1204">
    <p class='ocr_par' dir='ltr' id='par_1_25' title="bbox 2173 1127 3762 1204">
     <span class='ocr_line' id='line_1_25' title="bbox 2173 1127 3762 1204; baseline 0.007 -23"><span class='ocrx_word' id='word_1_183' title='bbox 2173 1127 2324 1192; x_wconf 91' lang='lat' dir='ltr'><strong>diso,</strong></span> <span class='ocrx_word' id='word_1_184' title='bbox 2371 1136 2432 1182; x_wconf 93' lang='lat' dir='ltr'><strong>ut</strong></span> <span class='ocrx_word' id='word_1_185' title='bbox 2481 1128 2588 1182; x_wconf 89' lang='lat' dir='ltr'><strong>illic</strong></span> <span class='ocrx_word' id='word_1_186' title='bbox 2641 1128 2893 1198; x_wconf 81' lang='lat' dir='ltr'><strong>degeret,</strong></span> <span class='ocrx_word' id='word_1_187' title='bbox 2943 1131 3247 1184; x_wconf 85' lang='lat' dir='ltr'><strong>collocavit.</strong></span> <span class='ocrx_word' id='word_1_188' title='bbox 3299 1131 3539 1204; x_wconf 90' lang='lat' dir='ltr'><strong>Cumque</strong></span> <span class='ocrx_word' id='word_1_189' title='bbox 3589 1135 3762 1204; x_wconf 77' lang='lat' dir='ltr'><strong>ipsius</strong></span> 
     </span>
    </p>
   </div>
   <div class='ocr_carea' id='block_1_26' title="bbox 2174 1217 3762 1289">
    <p class='ocr_par' dir='ltr' id='par_1_26' title="bbox 2174 1217 3762 1289">
     <span class='ocr_line' id='line_1_26' title="bbox 2174 1217 3762 1289; baseline 0.007 -17"><span class='ocrx_word' id='word_1_190' title='bbox 2174 1217 2486 1272; x_wconf 87' lang='lat' dir='ltr'><strong>mandatum</strong></span> <span class='ocrx_word' id='word_1_191' title='bbox 2517 1219 2800 1287; x_wconf 89' lang='lat' dir='ltr'><strong>violasset,</strong></span> <span class='ocrx_word' id='word_1_192' title='bbox 2833 1222 3098 1289; x_wconf 86' lang='lat' dir='ltr'><strong>mortique</strong></span> <span class='ocrx_word' id='word_1_193' title='bbox 3127 1223 3352 1289; x_wconf 90' lang='lat' dir='ltr'><strong>proinde</strong></span> <span class='ocrx_word' id='word_1_194' title='bbox 3377 1223 3665 1281; x_wconf 79' lang='lat' dir='ltr'><strong>obnoxium</strong></span> <span class='ocrx_word' id='word_1_195' title='bbox 3696 1245 3762 1283; x_wconf 83' lang='lat' dir='ltr'><strong>se</strong></span> 
     </span>
    </p>
   </div>
   <div class='ocr_carea' id='block_1_27' title="bbox 2175 1315 3755 1389">
    <p class='ocr_par' dir='ltr' id='par_1_27' title="bbox 2175 1315 3755 1389">
     <span class='ocr_line' id='line_1_27' title="bbox 2175 1315 3755 1389; baseline 0.004 -19"><span class='ocrx_word' id='word_1_196' title='bbox 2175 1315 2532 1380; x_wconf 90' lang='lat' dir='ltr'><strong>reddidisset,</strong></span> <span class='ocrx_word' id='word_1_197' title='bbox 2577 1324 2737 1384; x_wconf 91' lang='lat' dir='ltr'><strong>atque</strong></span> <span class='ocrx_word' id='word_1_198' title='bbox 2780 1316 3033 1370; x_wconf 82' lang='lat' dir='ltr'><strong>horrendi</strong></span> <span class='ocrx_word' id='word_1_199' title='bbox 3079 1317 3260 1371; x_wconf 90' lang='lat' dir='ltr'><strong>mundi</strong></span> <span class='ocrx_word' id='word_1_200' title='bbox 3307 1319 3562 1389; x_wconf 83' lang='lat' dir='ltr'><strong>principis</strong></span> <span class='ocrx_word' id='word_1_201' title='bbox 3605 1333 3755 1388; x_wconf 70' lang='lat' dir='ltr'><strong>pous-</strong></span> 
     </span>
    </p>
   </div>
   <div class='ocr_carea' id='block_1_28' title="bbox 2177 1405 3758 1479">
    <p class='ocr_par' dir='ltr' id='par_1_28' title="bbox 2177 1405 3758 1479">
     <span class='ocr_line' id='line_1_28' title="bbox 2177 1405 3758 1479; baseline 0.003 -18"><span class='ocrx_word' id='word_1_202' title='bbox 2177 1407 2299 1461; x_wconf 88' lang='lat' dir='ltr'><strong>stati</strong></span> <span class='ocrx_word' id='word_1_203' title='bbox 2331 1405 2686 1475; x_wconf 89' lang='lat' dir='ltr'><strong>subjecisset,</strong></span> <span class='ocrx_word' id='word_1_204' title='bbox 2720 1421 2826 1460; x_wconf 91' lang='lat' dir='ltr'><strong>non</strong></span> <span class='ocrx_word' id='word_1_205' title='bbox 2862 1416 3038 1460; x_wconf 91' lang='lat' dir='ltr'><strong>tamen</strong></span> <span class='ocrx_word' id='word_1_206' title='bbox 3084 1409 3264 1463; x_wconf 83' lang='lat' dir='ltr'><strong>omnia</strong></span> <span class='ocrx_word' id='word_1_207' title='bbox 3305 1410 3483 1465; x_wconf 87' lang='lat' dir='ltr'><strong>facere</strong></span> <span class='ocrx_word' id='word_1_208' title='bbox 3521 1410 3758 1479; x_wconf 84' lang='lat' dir='ltr'><strong>destitit,</strong></span> 
     </span>
    </p>
   </div>
   <div class='ocr_carea' id='block_1_29' title="bbox 2175 1498 3762 1573">
    <p class='ocr_par' dir='ltr' id='par_1_29' title="bbox 2175 1498 3762 1573">
     <span class='ocr_line' id='line_1_29' title="bbox 2175 1498 3762 1573; baseline 0.004 -21"><span class='ocrx_word' id='word_1_209' title='bbox 2175 1513 2282 1568; x_wconf 92' lang='lat' dir='ltr'><strong>quo</strong></span> <span class='ocrx_word' id='word_1_210' title='bbox 2309 1513 2430 1552; x_wconf 91' lang='lat' dir='ltr'><strong>eum</strong></span> <span class='ocrx_word' id='word_1_211' title='bbox 2453 1500 2520 1551; x_wconf 91' lang='lat' dir='ltr'><strong>ad</strong></span> <span class='ocrx_word' id='word_1_212' title='bbox 2553 1498 2835 1566; x_wconf 88' lang='lat' dir='ltr'><strong>pristinam</strong></span> <span class='ocrx_word' id='word_1_213' title='bbox 2865 1499 3177 1568; x_wconf 74' lang='lat' dir='ltr'><strong>dignitatem</strong></span> <span class='ocrx_word' id='word_1_214' title='bbox 3208 1511 3510 1557; x_wconf 87' lang='lat' dir='ltr'><strong>revocaret.</strong></span> <span class='ocrx_word' id='word_1_215' title='bbox 3540 1505 3614 1558; x_wconf 83' lang='lat' dir='ltr'><strong>Ae</strong></span> <span class='ocrx_word' id='word_1_216' title='bbox 3645 1520 3762 1573; x_wconf 59' lang='lat' dir='ltr'><strong>pro.</strong></span> 
     </span>
    </p>
   </div>
   <div class='ocr_carea' id='block_1_30' title="bbox 2177 1590 3756 1664">
    <p class='ocr_par' dir='ltr' id='par_1_30' title="bbox 2177 1590 3756 1664">
     <span class='ocr_line' id='line_1_30' title="bbox 2177 1590 3756 1664; baseline 0.004 -20"><span class='ocrx_word' id='word_1_217' title='bbox 2177 1601 2360 1660; x_wconf 89' lang='lat' dir='ltr'><strong>pterea</strong></span> <span class='ocrx_word' id='word_1_218' title='bbox 2409 1590 2498 1645; x_wconf 93' lang='lat' dir='ltr'><strong>ille</strong></span> <span class='ocrx_word' id='word_1_219' title='bbox 2536 1606 2714 1644; x_wconf 90' lang='lat' dir='ltr'><strong>rerum</strong></span> <span class='ocrx_word' id='word_1_220' title='bbox 2753 1591 2992 1645; x_wconf 90' lang='lat' dir='ltr'><strong>omnium</strong></span> <span class='ocrx_word' id='word_1_221' title='bbox 3030 1592 3367 1646; x_wconf 90' lang='lat' dir='ltr'><strong>conditarum</strong></span> <span class='ocrx_word' id='word_1_222' title='bbox 3397 1593 3633 1662; x_wconf 72' lang='lat' dir='ltr'><strong>effector,</strong></span> <span class='ocrx_word' id='word_1_223' title='bbox 3663 1612 3756 1664; x_wconf 81' lang='lat' dir='ltr'><strong>ge-</strong></span> 
     </span>
    </p>
   </div>
   <div class='ocr_carea' id='block_1_31' title="bbox 2178 1681 3761 1751">
    <p class='ocr_par' dir='ltr' id='par_1_31' title="bbox 2178 1681 3761 1751">
     <span class='ocr_line' id='line_1_31' title="bbox 2178 1681 3761 1751; baseline 0.005 -16"><span class='ocrx_word' id='word_1_224' title='bbox 2178 1681 2432 1751; x_wconf 87' lang='lat' dir='ltr'><strong>nerisque</strong></span> <span class='ocrx_word' id='word_1_225' title='bbox 2473 1683 2643 1737; x_wconf 73' lang='lat' dir='ltr'><strong>nosui</strong></span> <span class='ocrx_word' id='word_1_226' title='bbox 2681 1683 3050 1751; x_wconf 88' lang='lat' dir='ltr'><strong>architectus,</strong></span> <span class='ocrx_word' id='word_1_227' title='bbox 3092 1694 3274 1739; x_wconf 88' lang='lat' dir='ltr'><strong>nostra</strong></span> <span class='ocrx_word' id='word_1_228' title='bbox 3302 1701 3461 1741; x_wconf 89' lang='lat' dir='ltr'><strong>causa</strong></span> <span class='ocrx_word' id='word_1_229' title='bbox 3491 1688 3648 1742; x_wconf 93' lang='lat' dir='ltr'><strong>homo</strong></span> <span class='ocrx_word' id='word_1_230' title='bbox 3675 1691 3761 1743; x_wconf 77' lang='lat' dir='ltr'><strong>ef-</strong></span> 
     </span>
    </p>
   </div>
   <div class='ocr_carea' id='block_1_32' title="bbox 2177 1771 3761 1844">
    <p class='ocr_par' dir='ltr' id='par_1_32' title="bbox 2177 1771 3761 1844">
     <span class='ocr_line' id='line_1_32' title="bbox 2177 1771 3761 1844; baseline 0.004 -19"><span class='ocrx_word' id='word_1_231' title='bbox 2177 1771 2347 1826; x_wconf 83' lang='lat' dir='ltr'><strong>fectus</strong></span> <span class='ocrx_word' id='word_1_232' title='bbox 2397 1781 2508 1835; x_wconf 86' lang='lat' dir='ltr'><strong>est,</strong></span> <span class='ocrx_word' id='word_1_233' title='bbox 2560 1785 2720 1842; x_wconf 91' lang='lat' dir='ltr'><strong>atque</strong></span> <span class='ocrx_word' id='word_1_234' title='bbox 2766 1772 2818 1827; x_wconf 92' lang='lat' dir='ltr'><strong>in</strong></span> <span class='ocrx_word' id='word_1_235' title='bbox 2869 1783 3066 1828; x_wconf 86' lang='lat' dir='ltr'><strong>terram</strong></span> <span class='ocrx_word' id='word_1_236' title='bbox 3114 1775 3364 1844; x_wconf 86' lang='lat' dir='ltr'><strong>veniens,</strong></span> <span class='ocrx_word' id='word_1_237' title='bbox 3411 1786 3464 1831; x_wconf 85' lang='lat' dir='ltr'><strong>et</strong></span> <span class='ocrx_word' id='word_1_238' title='bbox 3503 1792 3534 1831; x_wconf 89' lang='lat' dir='ltr'><strong>e</strong></span> <span class='ocrx_word' id='word_1_239' title='bbox 3572 1790 3761 1832; x_wconf 86' lang='lat' dir='ltr'><strong>sancta</strong></span> 
     </span>
    </p>
   </div>
   <div class='ocr_carea' id='block_1_33' title="bbox 489 1855 3756 1933">
    <p class='ocr_par' dir='ltr' id='par_1_33' title="bbox 489 1855 3756 1933">
     <span class='ocr_line' id='line_1_33' title="bbox 489 1855 3756 1933; baseline 0.002 -19"><span class='ocrx_word' id='word_1_240' title='bbox 489 1871 666 1914; x_wconf 90' lang='lat' dir='ltr'><strong>turum</strong></span> <span class='ocrx_word' id='word_1_241' title='bbox 701 1862 1068 1929; x_wconf 83' lang='lat' dir='ltr'><strong>Optimumque</strong></span> <span class='ocrx_word' id='word_1_242' title='bbox 1110 1861 1263 1932; x_wconf 84' lang='lat' dir='ltr'><strong>regni</strong></span> <span class='ocrx_word' id='word_1_243' title='bbox 1305 1862 1408 1915; x_wconf 85' lang='lat' dir='ltr'><strong>mei</strong></span> <span class='ocrx_word' id='word_1_244' title='bbox 1452 1875 1818 1916; x_wconf 88' lang='lat' dir='ltr'><strong>successorem</strong></span> <span class='ocrx_word' id='word_1_245' title='bbox 1859 1862 2072 1917; x_wconf 76' lang='lat' dir='ltr'><strong>relictu-</strong></span> <span class='ocrx_word' id='word_1_246' title='bbox 2108 1855 2154 1914; x_wconf 88' lang='grc' dir='ltr'><strong><em>Β</em></strong></span> <span class='ocrx_word' id='word_1_247' title='bbox 2184 1864 2400 1933; x_wconf 80' lang='lat' dir='ltr'><strong>Virgine</strong></span> <span class='ocrx_word' id='word_1_248' title='bbox 2453 1879 2718 1929; x_wconf 90' lang='lat' dir='ltr'><strong>nascens,</strong></span> <span class='ocrx_word' id='word_1_249' title='bbox 2774 1880 2895 1918; x_wconf 92' lang='lat' dir='ltr'><strong>cum</strong></span> <span class='ocrx_word' id='word_1_250' title='bbox 2954 1866 3262 1920; x_wconf 88' lang='lat' dir='ltr'><strong>hominibus</strong></span> <span class='ocrx_word' id='word_1_251' title='bbox 3315 1869 3756 1922; x_wconf 83' lang='lat' dir='ltr'><strong>consuetudinem</strong></span> 
     </span>
    </p>
   </div>
   <div class='ocr_carea' id='block_1_34' title="bbox 471 1953 2074 2023">
    <p class='ocr_par' dir='ltr' id='par_1_34' title="bbox 471 1953 2074 2023">
     <span class='ocr_line' id='line_1_34' title="bbox 471 1953 2074 2023; baseline 0 -15"><span class='ocrx_word' id='word_1_252' title='bbox 471 1969 605 2009; x_wconf 73' lang='lat' dir='ltr'><strong>~rum</strong></span> <span class='ocrx_word' id='word_1_253' title='bbox 648 1969 733 2009; x_wconf 91' lang='lat' dir='ltr'><strong>me</strong></span> <span class='ocrx_word' id='word_1_254' title='bbox 772 1953 1175 2015; x_wconf 77' lang='lat' dir='ltr'><strong>existimabam.</strong></span> <span class='ocrx_word' id='word_1_255' title='bbox 1217 1954 1415 2008; x_wconf 91' lang='lat' dir='ltr'><strong>inimici</strong></span> <span class='ocrx_word' id='word_1_256' title='bbox 1453 1962 1612 2023; x_wconf 91' lang='lat' dir='ltr'><strong>atque</strong></span> <span class='ocrx_word' id='word_1_257' title='bbox 1653 1953 1859 2008; x_wconf 89' lang='lat' dir='ltr'><strong>hostilis</strong></span> <span class='ocrx_word' id='word_1_258' title='bbox 1895 1954 1947 2007; x_wconf 90' lang='lat' dir='ltr'><strong>in</strong></span> <span class='ocrx_word' id='word_1_259' title='bbox 1989 1967 2074 2008; x_wconf 86' lang='lat' dir='ltr'><strong>me</strong></span> 
     </span>
    </p>
   </div>
   <div class='ocr_carea' id='block_1_35' title="bbox 486 2043 1931 2114">
    <p class='ocr_par' dir='ltr' id='par_1_35' title="bbox 486 2043 1931 2114">
     <span class='ocr_line' id='line_1_35' title="bbox 486 2043 1931 2114; baseline -0.001 -16"><span class='ocrx_word' id='word_1_260' title='bbox 486 2045 650 2098; x_wconf 85' lang='lat' dir='ltr'><strong>animi</strong></span> <span class='ocrx_word' id='word_1_261' title='bbox 680 2053 1055 2114; x_wconf 76' lang='lat' dir='ltr'><strong>argumentum</strong></span> <span class='ocrx_word' id='word_1_262' title='bbox 1088 2043 1346 2100; x_wconf 83' lang='lat' dir='ltr'><strong>exhibere</strong></span> <span class='ocrx_word' id='word_1_263' title='bbox 1373 2044 1592 2098; x_wconf 90' lang='lat' dir='ltr'><strong>minime</strong></span> <span class='ocrx_word' id='word_1_264' title='bbox 1621 2045 1931 2100; x_wconf 77' lang='lat' dir='ltr'><strong>dubitares?</strong></span> 
     </span>
    </p>
   </div>
   <div class='ocr_carea' id='block_1_36' title="bbox 565 2139 2074 2208">
    <p class='ocr_par' dir='ltr' id='par_1_36' title="bbox 565 2139 2074 2208">
     <span class='ocr_line' id='line_1_36' title="bbox 565 2139 2074 2208; baseline 0.001 -15"><span class='ocrx_word' id='word_1_265' title='bbox 565 2142 648 2193; x_wconf 86' lang='lat' dir='ltr'><strong>An</strong></span> <span class='ocrx_word' id='word_1_266' title='bbox 681 2154 785 2193; x_wconf 89' lang='lat' dir='ltr'><strong>non</strong></span> <span class='ocrx_word' id='word_1_267' title='bbox 814 2148 1234 2194; x_wconf 86' lang='lat' dir='ltr'><strong>consentaneum</strong></span> <span class='ocrx_word' id='word_1_268' title='bbox 1278 2149 1393 2193; x_wconf 90' lang='lat' dir='ltr'><strong>erat</strong></span> <span class='ocrx_word' id='word_1_269' title='bbox 1435 2146 1494 2192; x_wconf 93' lang='lat' dir='ltr'><strong>ut</strong></span> <span class='ocrx_word' id='word_1_270' title='bbox 1532 2139 1661 2193; x_wconf 85' lang='lat' dir='ltr'><strong>mihi</strong></span> <span class='ocrx_word' id='word_1_271' title='bbox 1704 2141 1879 2208; x_wconf 88' lang='lat' dir='ltr'><strong>potius</strong></span> <span class='ocrx_word' id='word_1_272' title='bbox 1923 2153 2074 2208; x_wconf 88' lang='lat' dir='ltr'><strong>pare-</strong></span> 
     </span>
    </p>
   </div>
   <div class='ocr_carea' id='block_1_37' title="bbox 493 2232 2075 2302">
    <p class='ocr_par' dir='ltr' id='par_1_37' title="bbox 493 2232 2075 2302">
     <span class='ocr_line' id='line_1_37' title="bbox 493 2232 2075 2302; baseline 0 -17"><span class='ocrx_word' id='word_1_273' title='bbox 493 2245 616 2299; x_wconf 88' lang='lat' dir='ltr'><strong>res,</strong></span> <span class='ocrx_word' id='word_1_274' title='bbox 667 2246 893 2300; x_wconf 88' lang='lat' dir='ltr'><strong>meaque</strong></span> <span class='ocrx_word' id='word_1_275' title='bbox 935 2235 1147 2290; x_wconf 88' lang='lat' dir='ltr'><strong>decreta</strong></span> <span class='ocrx_word' id='word_1_276' title='bbox 1189 2233 1525 2300; x_wconf 89' lang='lat' dir='ltr'><strong>sequereris,</strong></span> <span class='ocrx_word' id='word_1_277' title='bbox 1571 2248 1730 2302; x_wconf 90' lang='lat' dir='ltr'><strong>quam</strong></span> <span class='ocrx_word' id='word_1_278' title='bbox 1775 2232 2075 2300; x_wconf 76' lang='lat' dir='ltr'><strong>versipellis</strong></span> 
     </span>
    </p>
   </div>
   <div class='ocr_carea' id='block_1_38' title="bbox 490 2322 2072 2390">
    <p class='ocr_par' dir='ltr' id='par_1_38' title="bbox 490 2322 2072 2390">
     <span class='ocr_line' id='line_1_38' title="bbox 490 2322 2072 2390; baseline 0.001 -15"><span class='ocrx_word' id='word_1_279' title='bbox 490 2336 555 2375; x_wconf 86' lang='lat' dir='ltr'><strong>ac</strong></span> <span class='ocrx_word' id='word_1_280' title='bbox 584 2322 749 2390; x_wconf 88' lang='lat' dir='ltr'><strong>putidi</strong></span> <span class='ocrx_word' id='word_1_281' title='bbox 781 2323 925 2375; x_wconf 90' lang='lat' dir='ltr'><strong>senis</strong></span> <span class='ocrx_word' id='word_1_282' title='bbox 970 2322 1126 2390; x_wconf 86' lang='lat' dir='ltr'><strong>nugis</strong></span> <span class='ocrx_word' id='word_1_283' title='bbox 1157 2323 1440 2390; x_wconf 86' lang='lat' dir='ltr'><strong>stuhisqne</strong></span> <span class='ocrx_word' id='word_1_284' title='bbox 1466 2324 1802 2377; x_wconf 86' lang='lat' dir='ltr'><strong>sermonibus</strong></span> <span class='ocrx_word' id='word_1_285' title='bbox 1831 2324 2072 2388; x_wconf 88' lang='lat' dir='ltr'><strong>cederes,</strong></span> 
     </span>
    </p>
   </div>
   <div class='ocr_carea' id='block_1_39' title="bbox 490 2411 2074 2481">
    <p class='ocr_par' dir='ltr' id='par_1_39' title="bbox 490 2411 2074 2481">
     <span class='ocr_line' id='line_1_39' title="bbox 490 2411 2074 2481; baseline 0 -17"><span class='ocrx_word' id='word_1_286' title='bbox 490 2412 581 2481; x_wconf 87' lang='lat' dir='ltr'><strong>qui</strong></span> <span class='ocrx_word' id='word_1_287' title='bbox 612 2412 704 2465; x_wconf 89' lang='lat' dir='ltr'><strong>tibi</strong></span> <span class='ocrx_word' id='word_1_288' title='bbox 741 2414 840 2465; x_wconf 89' lang='lat' dir='ltr'><strong>hoc</strong></span> <span class='ocrx_word' id='word_1_289' title='bbox 868 2411 919 2464; x_wconf 93' lang='lat' dir='ltr'><strong>in</strong></span> <span class='ocrx_word' id='word_1_290' title='bbox 952 2413 1188 2465; x_wconf 84' lang='lat' dir='ltr'><strong>animum</strong></span> <span class='ocrx_word' id='word_1_291' title='bbox 1237 2412 1494 2477; x_wconf 87' lang='lat' dir='ltr'><strong>immisit,</strong></span> <span class='ocrx_word' id='word_1_292' title='bbox 1550 2422 1606 2464; x_wconf 92' lang='lat' dir='ltr'><strong>ut</strong></span> <span class='ocrx_word' id='word_1_293' title='bbox 1652 2427 1748 2480; x_wconf 91' lang='lat' dir='ltr'><strong>pro</strong></span> <span class='ocrx_word' id='word_1_294' title='bbox 1787 2411 1928 2465; x_wconf 86' lang='lat' dir='ltr'><strong>dulci</strong></span> <span class='ocrx_word' id='word_1_295' title='bbox 1969 2412 2074 2466; x_wconf 90' lang='lat' dir='ltr'><strong>vita</strong></span> 
     </span>
    </p>
   </div>
   <div class='ocr_carea' id='block_1_40' title="bbox 492 2500 2074 2569">
    <p class='ocr_par' dir='ltr' id='par_1_40' title="bbox 492 2500 2074 2569">
     <span class='ocr_line' id='line_1_40' title="bbox 492 2500 2074 2569; baseline 0.001 -15"><span class='ocrx_word' id='word_1_296' title='bbox 492 2501 741 2556; x_wconf 87' lang='lat' dir='ltr'><strong>acerbam</strong></span> <span class='ocrx_word' id='word_1_297' title='bbox 770 2503 1072 2569; x_wconf 89' lang='lat' dir='ltr'><strong>susciperes</strong></span> <span class='ocrx_word' id='word_1_298' title='bbox 1093 2541 1108 2568; x_wconf 92' lang='lat'><strong>,</strong></span> <span class='ocrx_word' id='word_1_299' title='bbox 1141 2516 1204 2554; x_wconf 93' lang='lat' dir='ltr'><strong>ac</strong></span> <span class='ocrx_word' id='word_1_300' title='bbox 1235 2517 1331 2569; x_wconf 90' lang='lat' dir='ltr'><strong>pro</strong></span> <span class='ocrx_word' id='word_1_301' title='bbox 1362 2501 1700 2554; x_wconf 86' lang='lat' dir='ltr'><strong>suavissimis</strong></span> <span class='ocrx_word' id='word_1_302' title='bbox 1739 2500 1942 2556; x_wconf 90' lang='lat' dir='ltr'><strong>deliciis</strong></span> <span class='ocrx_word' id='word_1_303' title='bbox 1980 2502 2074 2556; x_wconf 80' lang='lat' dir='ltr'><strong>du-</strong></span> 
     </span>
    </p>
   </div>
   <div class='ocr_carea' id='block_1_41' title="bbox 499 2589 2075 2660">
    <p class='ocr_par' dir='ltr' id='par_1_41' title="bbox 499 2589 2075 2660">
     <span class='ocr_line' id='line_1_41' title="bbox 499 2589 2075 2660; baseline -0.001 -13"><span class='ocrx_word' id='word_1_304' title='bbox 499 2607 615 2648; x_wconf 82' lang='lat' dir='ltr'><strong>ram</strong></span> <span class='ocrx_word' id='word_1_305' title='bbox 647 2592 790 2646; x_wconf 90' lang='lat' dir='ltr'><strong>illam</strong></span> <span class='ocrx_word' id='word_1_306' title='bbox 820 2602 874 2647; x_wconf 90' lang='lat' dir='ltr'><strong>et</strong></span> <span class='ocrx_word' id='word_1_307' title='bbox 899 2606 1141 2660; x_wconf 81' lang='lat' dir='ltr'><strong>asperam</strong></span> <span class='ocrx_word' id='word_1_308' title='bbox 1172 2592 1349 2657; x_wconf 91' lang='lat' dir='ltr'><strong>viam,</strong></span> <span class='ocrx_word' id='word_1_309' title='bbox 1395 2607 1552 2660; x_wconf 88' lang='lat' dir='ltr'><strong>quam</strong></span> <span class='ocrx_word' id='word_1_310' title='bbox 1595 2589 1773 2645; x_wconf 74' lang='lat' dir='ltr'><strong>Mariae</strong></span> <span class='ocrx_word' id='word_1_311' title='bbox 1811 2592 1949 2646; x_wconf 88' lang='lat' dir='ltr'><strong>filius</strong></span> <span class='ocrx_word' id='word_1_312' title='bbox 1991 2603 2075 2646; x_wconf 86' lang='lat' dir='ltr'><strong>te-</strong></span> 
     </span>
    </p>
   </div>
   <div class='ocr_carea' id='block_1_42' title="bbox 491 2683 2074 2756">
    <p class='ocr_par' dir='ltr' id='par_1_42' title="bbox 491 2683 2074 2756">
     <span class='ocr_line' id='line_1_42' title="bbox 491 2683 2074 2756; baseline 0.001 -15"><span class='ocrx_word' id='word_1_313' title='bbox 491 2701 624 2742; x_wconf 88' lang='lat' dir='ltr'><strong>nere</strong></span> <span class='ocrx_word' id='word_1_314' title='bbox 666 2689 954 2750; x_wconf 91' lang='lat' dir='ltr'><strong>admonet,</strong></span> <span class='ocrx_word' id='word_1_315' title='bbox 1003 2683 1400 2756; x_wconf 79' lang='lat' dir='ltr'><strong>ingredereris?</strong></span> <span class='ocrx_word' id='word_1_316' title='bbox 1432 2686 1638 2741; x_wconf 78' lang='lat' dir='ltr'><strong>Annon</strong></span> <span class='ocrx_word' id='word_1_317' title='bbox 1687 2695 1865 2741; x_wconf 90' lang='lat' dir='ltr'><strong>autem</strong></span> <span class='ocrx_word' id='word_1_318' title='bbox 1912 2688 2074 2743; x_wconf 90' lang='lat' dir='ltr'><strong>etiam</strong></span> 
     </span>
    </p>
   </div>
   <div class='ocr_carea' id='block_1_43' title="bbox 490 2775 2077 2844">
    <p class='ocr_par' dir='ltr' id='par_1_43' title="bbox 490 2775 2077 2844">
     <span class='ocr_line' id='line_1_43' title="bbox 490 2775 2077 2844; baseline 0 -13"><span class='ocrx_word' id='word_1_319' title='bbox 490 2790 823 2831; x_wconf 80' lang='lat' dir='ltr'><strong>summmum</strong></span> <span class='ocrx_word' id='word_1_320' title='bbox 855 2780 1081 2830; x_wconf 88' lang='lat' dir='ltr'><strong>deorum</strong></span> <span class='ocrx_word' id='word_1_321' title='bbox 1110 2775 1242 2830; x_wconf 90' lang='lat' dir='ltr'><strong>iram</strong></span> <span class='ocrx_word' id='word_1_322' title='bbox 1271 2775 1609 2844; x_wconf 86' lang='lat' dir='ltr'><strong>pertimescis</strong></span> <span class='ocrx_word' id='word_1_323' title='bbox 1631 2818 1644 2840; x_wconf 86' lang='lat'><strong>,</strong></span> <span class='ocrx_word' id='word_1_324' title='bbox 1680 2791 1746 2831; x_wconf 91' lang='lat' dir='ltr'><strong>ne</strong></span> <span class='ocrx_word' id='word_1_325' title='bbox 1775 2777 1994 2831; x_wconf 92' lang='lat' dir='ltr'><strong>fulmine</strong></span> <span class='ocrx_word' id='word_1_326' title='bbox 2026 2787 2077 2831; x_wconf 91' lang='lat' dir='ltr'><strong>te</strong></span> 
     </span>
    </p>
   </div>
   <div class='ocr_carea' id='block_1_44' title="bbox 496 2867 2078 2939">
    <p class='ocr_par' dir='ltr' id='par_1_44' title="bbox 496 2867 2078 2939">
     <span class='ocr_line' id='line_1_44' title="bbox 496 2867 2078 2939; baseline 0.001 -17"><span class='ocrx_word' id='word_1_327' title='bbox 496 2867 729 2933; x_wconf 83' lang='lat' dir='ltr'><strong>feriant,</strong></span> <span class='ocrx_word' id='word_1_328' title='bbox 780 2875 872 2921; x_wconf 88' lang='lat' dir='ltr'><strong>aut</strong></span> <span class='ocrx_word' id='word_1_329' title='bbox 925 2868 1163 2921; x_wconf 88' lang='lat' dir='ltr'><strong>tonitruo</strong></span> <span class='ocrx_word' id='word_1_330' title='bbox 1210 2867 1550 2933; x_wconf 89' lang='lat' dir='ltr'><strong>interimant,</strong></span> <span class='ocrx_word' id='word_1_331' title='bbox 1605 2878 1888 2937; x_wconf 86' lang='lat' dir='ltr'><strong>propterea</strong></span> <span class='ocrx_word' id='word_1_332' title='bbox 1936 2870 2078 2939; x_wconf 87' lang='lat' dir='ltr'><strong>quod</strong></span> 
     </span>
    </p>
   </div>
   <div class='ocr_carea' id='block_1_45' title="bbox 496 2957 2077 3030">
    <p class='ocr_par' dir='ltr' id='par_1_45' title="bbox 496 2957 2077 3030">
     <span class='ocr_line' id='line_1_45' title="bbox 496 2957 2077 3030; baseline 0.001 -18"><span class='ocrx_word' id='word_1_333' title='bbox 496 2958 791 3030; x_wconf 89' lang='lat' dir='ltr'><strong>repudiatis</strong></span> <span class='ocrx_word' id='word_1_334' title='bbox 817 2973 880 3011; x_wconf 88' lang='lat' dir='ltr'><strong>ac</strong></span> <span class='ocrx_word' id='word_1_335' title='bbox 909 2972 1006 3028; x_wconf 90' lang='lat' dir='ltr'><strong>pro</strong></span> <span class='ocrx_word' id='word_1_336' title='bbox 1033 2957 1198 3012; x_wconf 89' lang='lat' dir='ltr'><strong>nihilo</strong></span> <span class='ocrx_word' id='word_1_337' title='bbox 1222 2957 1416 3014; x_wconf 89' lang='lat' dir='ltr'><strong>habitis</strong></span> <span class='ocrx_word' id='word_1_338' title='bbox 1447 2960 1509 3013; x_wconf 91' lang='lat' dir='ltr'><strong>iis</strong></span> <span class='ocrx_word' id='word_1_339' title='bbox 1537 2959 1627 3028; x_wconf 90' lang='lat' dir='ltr'><strong>qui</strong></span> <span class='ocrx_word' id='word_1_340' title='bbox 1660 2974 1758 3013; x_wconf 91' lang='lat' dir='ltr'><strong>nos</strong></span> <span class='ocrx_word' id='word_1_341' title='bbox 1787 2969 1864 3014; x_wconf 92' lang='lat' dir='ltr'><strong>tot</strong></span> <span class='ocrx_word' id='word_1_342' title='bbox 1890 2961 2077 3014; x_wconf 91' lang='lat' dir='ltr'><strong>tantis-</strong></span> 
     </span>
    </p>
   </div>
   <div class='ocr_carea' id='block_1_46' title="bbox 492 3048 2080 3120">
    <p class='ocr_par' dir='ltr' id='par_1_46' title="bbox 492 3048 2080 3120">
     <span class='ocr_line' id='line_1_46' title="bbox 492 3048 2080 3120; baseline 0.005 -21"><span class='ocrx_word' id='word_1_343' title='bbox 492 3063 598 3120; x_wconf 92' lang='lat' dir='ltr'><strong>que</strong></span> <span class='ocrx_word' id='word_1_344' title='bbox 625 3048 896 3104; x_wconf 86' lang='lat' dir='ltr'><strong>beneficiis</strong></span> <span class='ocrx_word' id='word_1_345' title='bbox 927 3049 1252 3115; x_wconf 74' lang='lat' dir='ltr'><strong>affecerunt,</strong></span> <span class='ocrx_word' id='word_1_346' title='bbox 1284 3065 1346 3104; x_wconf 92' lang='lat' dir='ltr'><strong>ac</strong></span> <span class='ocrx_word' id='word_1_347' title='bbox 1378 3051 1538 3120; x_wconf 78' lang='lat' dir='ltr'><strong>regio</strong></span> <span class='ocrx_word' id='word_1_348' title='bbox 1580 3052 1884 3108; x_wconf 87' lang='lat' dir='ltr'><strong>diademate</strong></span> <span class='ocrx_word' id='word_1_349' title='bbox 1921 3068 2080 3107; x_wconf 86' lang='lat' dir='ltr'><strong>orna-</strong></span> 
     </span>
    </p>
   </div>
   <div class='ocr_carea' id='block_1_47' title="bbox 493 3142 2079 3215">
    <p class='ocr_par' dir='ltr' id='par_1_47' title="bbox 493 3142 2079 3215">
     <span class='ocr_line' id='line_1_47' title="bbox 493 3142 2079 3215; baseline 0.003 -20"><span class='ocrx_word' id='word_1_350' title='bbox 493 3149 654 3209; x_wconf 85' lang='lat' dir='ltr'><strong>runt,</strong></span> <span class='ocrx_word' id='word_1_351' title='bbox 679 3150 973 3210; x_wconf 84' lang='lat' dir='ltr'><strong>gentesque</strong></span> <span class='ocrx_word' id='word_1_352' title='bbox 999 3142 1460 3197; x_wconf 88' lang='lat' dir='ltr'><strong>numerosissimas</strong></span> <span class='ocrx_word' id='word_1_353' title='bbox 1490 3143 1676 3197; x_wconf 91' lang='lat' dir='ltr'><strong>ditioni</strong></span> <span class='ocrx_word' id='word_1_354' title='bbox 1700 3153 1894 3199; x_wconf 74' lang='lat' dir='ltr'><strong>nostrae</strong></span> <span class='ocrx_word' id='word_1_355' title='bbox 1920 3154 2079 3215; x_wconf 90' lang='lat' dir='ltr'><strong>atque</strong></span> 
     </span>
    </p>
   </div>
   <div class='ocr_carea' id='block_1_48' title="bbox 2182 1953 3759 2027">
    <p class='ocr_par' dir='ltr' id='par_1_48' title="bbox 2182 1953 3759 2027">
     <span class='ocr_line' id='line_1_48' title="bbox 2182 1953 3759 2027; baseline 0.001 -18"><span class='ocrx_word' id='word_1_356' title='bbox 2182 1955 2370 2009; x_wconf 90' lang='lat' dir='ltr'><strong>habuit</strong></span> <span class='ocrx_word' id='word_1_357' title='bbox 2397 1953 2669 2026; x_wconf 72' lang='lat' dir='ltr'><strong>(Boruclt.</strong></span> <span class='ocrx_word' id='word_1_358' title='bbox 2702 1954 2821 2024; x_wconf 91' lang='grc' dir='ltr'>ιιι).</span> <span class='ocrx_word' id='word_1_359' title='bbox 2870 1959 2946 2010; x_wconf 82' lang='lat' dir='ltr'><strong>Ac</strong></span> <span class='ocrx_word' id='word_1_360' title='bbox 2986 1970 3085 2024; x_wconf 89' lang='lat' dir='ltr'><strong>pro</strong></span> <span class='ocrx_word' id='word_1_361' title='bbox 3126 1957 3277 2012; x_wconf 88' lang='lat' dir='ltr'><strong>nobis</strong></span> <span class='ocrx_word' id='word_1_362' title='bbox 3316 1959 3530 2027; x_wconf 80' lang='lat' dir='ltr'><strong>ingratis</strong></span> <span class='ocrx_word' id='word_1_363' title='bbox 3577 1959 3759 2012; x_wconf 86' lang='lat' dir='ltr'><strong>servis</strong></span> 
     </span>
    </p>
   </div>
   <div class='ocr_carea' id='block_1_49' title="bbox 2182 2045 3766 2115">
    <p class='ocr_par' dir='ltr' id='par_1_49' title="bbox 2182 2045 3766 2115">
     <span class='ocr_line' id='line_1_49' title="bbox 2182 2045 3766 2115; baseline 0.001 -15"><span class='ocrx_word' id='word_1_364' title='bbox 2182 2045 2444 2101; x_wconf 89' lang='lat' dir='ltr'><strong>Dominus</strong></span> <span class='ocrx_word' id='word_1_365' title='bbox 2473 2056 2702 2100; x_wconf 90' lang='lat' dir='ltr'><strong>mortem</strong></span> <span class='ocrx_word' id='word_1_366' title='bbox 2732 2046 2928 2112; x_wconf 88' lang='lat' dir='ltr'><strong>subiit,</strong></span> <span class='ocrx_word' id='word_1_367' title='bbox 2977 2055 3031 2101; x_wconf 90' lang='lat' dir='ltr'><strong>et</strong></span> <span class='ocrx_word' id='word_1_368' title='bbox 3068 2047 3283 2115; x_wconf 87' lang='lat' dir='ltr'><strong>quidem</strong></span> <span class='ocrx_word' id='word_1_369' title='bbox 3318 2057 3539 2101; x_wconf 89' lang='lat' dir='ltr'><strong>ntortem</strong></span> <span class='ocrx_word' id='word_1_370' title='bbox 3579 2050 3766 2103; x_wconf 79' lang='lat' dir='ltr'><strong>erucis</strong></span> 
     </span>
    </p>
   </div>
   <div class='ocr_carea' id='block_1_50' title="bbox 2181 2135 3766 2208">
    <p class='ocr_par' dir='ltr' id='par_1_50' title="bbox 2181 2135 3766 2208">
     <span class='ocr_line' id='line_1_50' title="bbox 2181 2135 3766 2208; baseline 0.003 -20"><span class='ocrx_word' id='word_1_371' title='bbox 2181 2138 2199 2206; x_wconf 94' lang='lat'><strong>(</strong></span> <span class='ocrx_word' id='word_1_372' title='bbox 2227 2135 2421 2202; x_wconf 81' lang='lat' dir='ltr'><strong>Philip.</strong></span> <span class='ocrx_word' id='word_1_373' title='bbox 2453 2151 2488 2189; x_wconf 85' lang='lat' dir='ltr'><strong>ll</strong></span> <span class='ocrx_word' id='word_1_374' title='bbox 2512 2137 2532 2207; x_wconf 96' lang='lat'><strong>)</strong></span> <span class='ocrx_word' id='word_1_375' title='bbox 2556 2178 2568 2201; x_wconf 93' lang='lat'><strong>,</strong></span> <span class='ocrx_word' id='word_1_376' title='bbox 2602 2145 2660 2190; x_wconf 91' lang='lat' dir='ltr'><strong>ut</strong></span> <span class='ocrx_word' id='word_1_377' title='bbox 2687 2137 2940 2192; x_wconf 90' lang='lat' dir='ltr'><strong>videlicet</strong></span> <span class='ocrx_word' id='word_1_378' title='bbox 2969 2137 3170 2204; x_wconf 87' lang='lat' dir='ltr'><strong>peccati</strong></span> <span class='ocrx_word' id='word_1_379' title='bbox 3202 2138 3437 2208; x_wconf 82' lang='lat' dir='ltr'><strong>tyrannis</strong></span> <span class='ocrx_word' id='word_1_380' title='bbox 3475 2137 3544 2193; x_wconf 90' lang='lat' dir='ltr'><strong>de</strong></span> <span class='ocrx_word' id='word_1_381' title='bbox 3584 2139 3766 2193; x_wconf 90' lang='lat' dir='ltr'><strong>medio</strong></span> 
     </span>
    </p>
   </div>
   <div class='ocr_carea' id='block_1_51' title="bbox 2180 2227 3763 2297">
    <p class='ocr_par' dir='ltr' id='par_1_51' title="bbox 2180 2227 3763 2297">
     <span class='ocr_line' id='line_1_51' title="bbox 2180 2227 3763 2297; baseline 0 -13"><span class='ocrx_word' id='word_1_382' title='bbox 2180 2229 2478 2292; x_wconf 82' lang='lat' dir='ltr'><strong>tolleretur,</strong></span> <span class='ocrx_word' id='word_1_383' title='bbox 2511 2228 2762 2297; x_wconf 90' lang='lat' dir='ltr'><strong>priorque</strong></span> <span class='ocrx_word' id='word_1_384' title='bbox 2792 2227 3169 2284; x_wconf 88' lang='lat' dir='ltr'><strong>condemnatio</strong></span> <span class='ocrx_word' id='word_1_385' title='bbox 3213 2229 3503 2295; x_wconf 89' lang='lat' dir='ltr'><strong>deleretur,</strong></span> <span class='ocrx_word' id='word_1_386' title='bbox 3535 2244 3597 2284; x_wconf 91' lang='lat' dir='ltr'><strong>ac</strong></span> <span class='ocrx_word' id='word_1_387' title='bbox 3638 2231 3763 2284; x_wconf 60' lang='lat' dir='ltr'><strong>coeli</strong></span> 
     </span>
    </p>
   </div>
   <div class='ocr_carea' id='block_1_52' title="bbox 2181 2319 3765 2389">
    <p class='ocr_par' dir='ltr' id='par_1_52' title="bbox 2181 2319 3765 2389">
     <span class='ocr_line' id='line_1_52' title="bbox 2181 2319 3765 2389; baseline 0.003 -17"><span class='ocrx_word' id='word_1_388' title='bbox 2181 2327 2348 2388; x_wconf 66' lang='lat' dir='ltr'><strong>portae</strong></span> <span class='ocrx_word' id='word_1_389' title='bbox 2397 2319 2551 2373; x_wconf 88' lang='lat' dir='ltr'><strong>nobis</strong></span> <span class='ocrx_word' id='word_1_390' title='bbox 2601 2333 2814 2372; x_wconf 90' lang='lat' dir='ltr'><strong>rursum</strong></span> <span class='ocrx_word' id='word_1_391' title='bbox 2863 2329 3129 2389; x_wconf 89' lang='lat' dir='ltr'><strong>paterent.</strong></span> <span class='ocrx_word' id='word_1_392' title='bbox 3175 2319 3312 2375; x_wconf 86' lang='lat' dir='ltr'><strong>Nam</strong></span> <span class='ocrx_word' id='word_1_393' title='bbox 3352 2321 3480 2375; x_wconf 92' lang='lat' dir='ltr'><strong>illuc</strong></span> <span class='ocrx_word' id='word_1_394' title='bbox 3518 2333 3765 2376; x_wconf 88' lang='lat' dir='ltr'><strong>naturam</strong></span> 
     </span>
    </p>
   </div>
   <div class='ocr_carea' id='block_1_53' title="bbox 2181 2412 3766 2481">
    <p class='ocr_par' dir='ltr' id='par_1_53' title="bbox 2181 2412 3766 2481">
     <span class='ocr_line' id='line_1_53' title="bbox 2181 2412 3766 2481; baseline 0.001 -17"><span class='ocrx_word' id='word_1_395' title='bbox 2181 2412 2344 2481; x_wconf 79' lang='lat'><strong>298</strong></span> <span class='ocrx_word' id='word_1_396' title='bbox 2381 2419 2616 2464; x_wconf 89' lang='lat' dir='ltr'><strong>nostram</strong></span> <span class='ocrx_word' id='word_1_397' title='bbox 2649 2412 2862 2476; x_wconf 85' lang='lat' dir='ltr'><strong>evexit,</strong></span> <span class='ocrx_word' id='word_1_398' title='bbox 2893 2422 3055 2480; x_wconf 89' lang='lat' dir='ltr'><strong>atque</strong></span> <span class='ocrx_word' id='word_1_399' title='bbox 3081 2412 3133 2466; x_wconf 93' lang='lat' dir='ltr'><strong>in</strong></span> <span class='ocrx_word' id='word_1_400' title='bbox 3164 2413 3347 2481; x_wconf 68' lang='lat' dir='ltr'><strong>gloriae</strong></span> <span class='ocrx_word' id='word_1_401' title='bbox 3378 2412 3572 2467; x_wconf 91' lang='lat' dir='ltr'><strong>throno</strong></span> <span class='ocrx_word' id='word_1_402' title='bbox 3597 2413 3766 2466; x_wconf 86' lang='lat' dir='ltr'><strong>collo-</strong></span> 
     </span>
    </p>
   </div>
   <div class='ocr_carea' id='block_1_54' title="bbox 2182 2502 3766 2573">
    <p class='ocr_par' dir='ltr' id='par_1_54' title="bbox 2182 2502 3766 2573">
     <span class='ocr_line' id='line_1_54' title="bbox 2182 2502 3766 2573; baseline 0.001 -16"><span class='ocrx_word' id='word_1_403' title='bbox 2182 2502 2359 2568; x_wconf 90' lang='lat' dir='ltr'><strong>cavit,</strong></span> <span class='ocrx_word' id='word_1_404' title='bbox 2392 2517 2724 2571; x_wconf 84' lang='lat' dir='ltr'><strong>regnumque</strong></span> <span class='ocrx_word' id='word_1_405' title='bbox 2767 2503 2888 2556; x_wconf 84' lang='lat' dir='ltr'><strong>linis</strong></span> <span class='ocrx_word' id='word_1_406' title='bbox 2916 2517 3144 2571; x_wconf 82' lang='lat' dir='ltr'><strong>expers,</strong></span> <span class='ocrx_word' id='word_1_407' title='bbox 3177 2504 3244 2557; x_wconf 87' lang='lat' dir='ltr'><strong>iis</strong></span> <span class='ocrx_word' id='word_1_408' title='bbox 3271 2505 3359 2573; x_wconf 90' lang='lat' dir='ltr'><strong>qui</strong></span> <span class='ocrx_word' id='word_1_409' title='bbox 3391 2504 3553 2571; x_wconf 91' lang='lat' dir='ltr'><strong>ipsius</strong></span> <span class='ocrx_word' id='word_1_410' title='bbox 3580 2519 3766 2558; x_wconf 87' lang='lat' dir='ltr'><strong>amore</strong></span> 
     </span>
    </p>
   </div>
   <div class='ocr_carea' id='block_1_55' title="bbox 2182 2592 3768 2665">
    <p class='ocr_par' dir='ltr' id='par_1_55' title="bbox 2182 2592 3768 2665">
     <span class='ocr_line' id='line_1_55' title="bbox 2182 2592 3768 2665; baseline 0.004 -20"><span class='ocrx_word' id='word_1_411' title='bbox 2182 2592 2391 2662; x_wconf 83' lang='lat' dir='ltr'><strong>praediti</strong></span> <span class='ocrx_word' id='word_1_412' title='bbox 2416 2601 2576 2659; x_wconf 88' lang='lat' dir='ltr'><strong>sunt,</strong></span> <span class='ocrx_word' id='word_1_413' title='bbox 2606 2593 2859 2658; x_wconf 86' lang='lat' dir='ltr'><strong>donavit,</strong></span> <span class='ocrx_word' id='word_1_414' title='bbox 2891 2594 3136 2664; x_wconf 89' lang='lat' dir='ltr'><strong>bonaque</strong></span> <span class='ocrx_word' id='word_1_415' title='bbox 3161 2596 3305 2649; x_wconf 91' lang='lat' dir='ltr'><strong>omni</strong></span> <span class='ocrx_word' id='word_1_416' title='bbox 3333 2610 3582 2650; x_wconf 83' lang='lat' dir='ltr'><strong>sermone</strong></span> <span class='ocrx_word' id='word_1_417' title='bbox 3609 2607 3768 2665; x_wconf 85' lang='lat' dir='ltr'><strong>atque</strong></span> 
     </span>
    </p>
   </div>
   <div class='ocr_carea' id='block_1_56' title="bbox 2180 2685 3770 2756">
    <p class='ocr_par' dir='ltr' id='par_1_56' title="bbox 2180 2685 3770 2756">
     <span class='ocr_line' id='line_1_56' title="bbox 2180 2685 3770 2756; baseline 0.001 -17"><span class='ocrx_word' id='word_1_418' title='bbox 2180 2685 2362 2739; x_wconf 90' lang='lat' dir='ltr'><strong>auditu</strong></span> <span class='ocrx_word' id='word_1_419' title='bbox 2390 2685 2762 2754; x_wconf 64' lang='lat' dir='ltr'><strong>praestantiora</strong></span> <span class='ocrx_word' id='word_1_420' title='bbox 2792 2685 2864 2756; x_wconf 89' lang='grc' dir='ltr'><strong>(Ι</strong></span> <span class='ocrx_word' id='word_1_421' title='bbox 2894 2685 3014 2739; x_wconf 87' lang='lat' dir='ltr'><strong>Cor.</strong></span> <span class='ocrx_word' id='word_1_422' title='bbox 3047 2688 3138 2755; x_wconf 91' lang='grc' dir='ltr'>ιι).</span> <span class='ocrx_word' id='word_1_423' title='bbox 3175 2686 3292 2755; x_wconf 82' lang='lat' dir='ltr'><strong>Ipse</strong></span> <span class='ocrx_word' id='word_1_424' title='bbox 3319 2688 3475 2742; x_wconf 90' lang='lat' dir='ltr'><strong>enim&#39;</strong></span> <span class='ocrx_word' id='word_1_425' title='bbox 3501 2698 3585 2741; x_wconf 90' lang='lat' dir='ltr'><strong>est</strong></span> <span class='ocrx_word' id='word_1_426' title='bbox 3615 2687 3770 2741; x_wconf 78' lang='lat' dir='ltr'><strong>fortis</strong></span> 
     </span>
    </p>
   </div>
   <div class='ocr_carea' id='block_1_57' title="bbox 2182 2776 3768 2846">
    <p class='ocr_par' dir='ltr' id='par_1_57' title="bbox 2182 2776 3768 2846">
     <span class='ocr_line' id='line_1_57' title="bbox 2182 2776 3768 2846; baseline 0.002 -16"><span class='ocrx_word' id='word_1_427' title='bbox 2182 2776 2300 2842; x_wconf 91' lang='lat' dir='ltr'><strong>ille,</strong></span> <span class='ocrx_word' id='word_1_428' title='bbox 2333 2791 2397 2831; x_wconf 89' lang='lat' dir='ltr'><strong>ac</strong></span> <span class='ocrx_word' id='word_1_429' title='bbox 2436 2776 2586 2830; x_wconf 90' lang='lat' dir='ltr'><strong>solus</strong></span> <span class='ocrx_word' id='word_1_430' title='bbox 2613 2785 2838 2845; x_wconf 85' lang='lat' dir='ltr'><strong>potens,</strong></span> <span class='ocrx_word' id='word_1_431' title='bbox 2867 2777 2981 2831; x_wconf 81' lang='lat' dir='ltr'><strong>Rex</strong></span> <span class='ocrx_word' id='word_1_432' title='bbox 3009 2792 3194 2846; x_wconf 88' lang='lat' dir='ltr'><strong>regum</strong></span> <span class='ocrx_word' id='word_1_433' title='bbox 3222 2787 3278 2831; x_wconf 90' lang='lat' dir='ltr'><strong>et</strong></span> <span class='ocrx_word' id='word_1_434' title='bbox 3304 2777 3562 2832; x_wconf 89' lang='lat' dir='ltr'><strong>Dominus</strong></span> <span class='ocrx_word' id='word_1_435' title='bbox 3590 2779 3768 2833; x_wconf 82' lang='lat' dir='ltr'><strong>domi-</strong></span> 
     </span>
    </p>
   </div>
   <div class='ocr_carea' id='block_1_58' title="bbox 2183 2865 3771 2935">
    <p class='ocr_par' dir='ltr' id='par_1_58' title="bbox 2183 2865 3771 2935">
     <span class='ocr_line' id='line_1_58' title="bbox 2183 2865 3771 2935; baseline 0.003 -17"><span class='ocrx_word' id='word_1_436' title='bbox 2183 2866 2422 2919; x_wconf 85' lang='lat' dir='ltr'><strong>nantium</strong></span> <span class='ocrx_word' id='word_1_437' title='bbox 2450 2867 2655 2935; x_wconf 82' lang='lat' dir='ltr'><strong>(Apoc.</strong></span> <span class='ocrx_word' id='word_1_438' title='bbox 2685 2882 2776 2920; x_wconf 74' lang='lat' dir='ltr'><strong>xu</strong></span> <span class='ocrx_word' id='word_1_439' title='bbox 2799 2865 2818 2935; x_wconf 94' lang='lat'>)</span> <span class='ocrx_word' id='word_1_440' title='bbox 2839 2909 2853 2932; x_wconf 95' lang='lat'><strong>,</strong></span> <span class='ocrx_word' id='word_1_441' title='bbox 2885 2867 3039 2934; x_wconf 87' lang='lat' dir='ltr'><strong>cujus</strong></span> <span class='ocrx_word' id='word_1_442' title='bbox 3071 2867 3232 2922; x_wconf 89' lang='lat' dir='ltr'><strong>robur</strong></span> <span class='ocrx_word' id='word_1_443' title='bbox 3271 2867 3528 2921; x_wconf 88' lang='lat' dir='ltr'><strong>invictum</strong></span> <span class='ocrx_word' id='word_1_444' title='bbox 3570 2878 3685 2932; x_wconf 88' lang='lat' dir='ltr'><strong>est,</strong></span> <span class='ocrx_word' id='word_1_445' title='bbox 3713 2879 3771 2923; x_wconf 85' lang='lat' dir='ltr'><strong>et</strong></span> 
     </span>
    </p>
   </div>
   <div class='ocr_carea' id='block_1_59' title="bbox 2183 2957 3770 3028">
    <p class='ocr_par' dir='ltr' id='par_1_59' title="bbox 2183 2957 3770 3028">
     <span class='ocr_line' id='line_1_59' title="bbox 2183 2957 3770 3028; baseline 0.001 -15"><span class='ocrx_word' id='word_1_446' title='bbox 2183 2958 2419 3028; x_wconf 87' lang='lat' dir='ltr'><strong>potentia</strong></span> <span class='ocrx_word' id='word_1_447' title='bbox 2451 2957 2716 3027; x_wconf 85' lang='lat' dir='ltr'><strong>ejusmodi</strong></span> <span class='ocrx_word' id='word_1_448' title='bbox 2745 2974 2865 3028; x_wconf 75' lang='lat' dir='ltr'><strong>qua:</strong></span> <span class='ocrx_word' id='word_1_449' title='bbox 2895 2973 3110 3013; x_wconf 90' lang='lat' dir='ltr'><strong>omnem</strong></span> <span class='ocrx_word' id='word_1_450' title='bbox 3160 2959 3357 3026; x_wconf 83' lang='lat' dir='ltr'><strong>ingenii</strong></span> <span class='ocrx_word' id='word_1_451' title='bbox 3401 2960 3770 3028; x_wconf 85' lang='lat' dir='ltr'><strong>conjecturam</strong></span> 
     </span>
    </p>
   </div>
   <div class='ocr_carea' id='block_1_60' title="bbox 2182 3047 3775 3120">
    <p class='ocr_par' dir='ltr' id='par_1_60' title="bbox 2182 3047 3775 3120">
     <span class='ocr_line' id='line_1_60' title="bbox 2182 3047 3775 3120; baseline 0.002 -18"><span class='ocrx_word' id='word_1_452' title='bbox 2182 3047 2443 3113; x_wconf 85' lang='lat' dir='ltr'><strong>excedat;</strong></span> <span class='ocrx_word' id='word_1_453' title='bbox 2475 3050 2562 3118; x_wconf 92' lang='lat' dir='ltr'><strong>qui</strong></span> <span class='ocrx_word' id='word_1_454' title='bbox 2590 3049 2737 3102; x_wconf 89' lang='lat' dir='ltr'><strong>solus</strong></span> <span class='ocrx_word' id='word_1_455' title='bbox 2763 3059 2980 3104; x_wconf 89' lang='lat' dir='ltr'><strong>sanetus</strong></span> <span class='ocrx_word' id='word_1_456' title='bbox 3003 3058 3086 3104; x_wconf 89' lang='lat' dir='ltr'><strong>est</strong></span> <span class='ocrx_word' id='word_1_457' title='bbox 3106 3089 3120 3112; x_wconf 92' lang='lat'><strong>,</strong></span> <span class='ocrx_word' id='word_1_458' title='bbox 3151 3060 3205 3104; x_wconf 92' lang='lat' dir='ltr'><strong>et</strong></span> <span class='ocrx_word' id='word_1_459' title='bbox 3232 3051 3283 3102; x_wconf 88' lang='lat' dir='ltr'><strong>in</strong></span> <span class='ocrx_word' id='word_1_460' title='bbox 3309 3051 3506 3104; x_wconf 89' lang='lat' dir='ltr'><strong>sanctis</strong></span> <span class='ocrx_word' id='word_1_461' title='bbox 3529 3053 3775 3120; x_wconf 79' lang='lat' dir='ltr'><strong>requies-</strong></span> 
     </span>
    </p>
   </div>
   <div class='ocr_carea' id='block_1_61' title="bbox 2184 3139 3772 3210">
    <p class='ocr_par' dir='ltr' id='par_1_61' title="bbox 2184 3139 3772 3210">
     <span class='ocr_line' id='line_1_61' title="bbox 2184 3139 3772 3210; baseline 0.001 -17"><span class='ocrx_word' id='word_1_462' title='bbox 2184 3153 2314 3193; x_wconf 88' lang='lat' dir='ltr'><strong>cens</strong></span> <span class='ocrx_word' id='word_1_463' title='bbox 2342 3157 2358 3205; x_wconf 88' lang='lat'><strong>;</strong></span> <span class='ocrx_word' id='word_1_464' title='bbox 2392 3139 2479 3209; x_wconf 91' lang='lat' dir='ltr'><strong>qui</strong></span> <span class='ocrx_word' id='word_1_465' title='bbox 2511 3155 2630 3194; x_wconf 91' lang='lat' dir='ltr'><strong>cum</strong></span> <span class='ocrx_word' id='word_1_466' title='bbox 2659 3140 2823 3195; x_wconf 85' lang='lat' dir='ltr'><strong>Patre</strong></span> <span class='ocrx_word' id='word_1_467' title='bbox 2861 3149 2915 3195; x_wconf 90' lang='lat' dir='ltr'><strong>et</strong></span> <span class='ocrx_word' id='word_1_468' title='bbox 2944 3140 3140 3209; x_wconf 90' lang='lat' dir='ltr'><strong>Spiritu</strong></span> <span class='ocrx_word' id='word_1_469' title='bbox 3181 3150 3366 3195; x_wconf 84' lang='lat' dir='ltr'><strong>sancto</strong></span> <span class='ocrx_word' id='word_1_470' title='bbox 3395 3142 3725 3208; x_wconf 82' lang='lat' dir='ltr'><strong>glorificatur</strong></span> <span class='ocrx_word' id='word_1_471' title='bbox 3754 3161 3772 3210; x_wconf 71' lang='grc' dir='ltr'>ς</span> 
     </span>
    </p>
   </div>
   <div class='ocr_carea' id='block_1_62' title="bbox 500 3220 3775 3302">
    <p class='ocr_par' dir='ltr' id='par_1_62' title="bbox 500 3220 3775 3302">
     <span class='ocr_line' id='line_1_62' title="bbox 500 3220 3775 3302; baseline -0.001 -18"><span class='ocrx_word' id='word_1_472' title='bbox 500 3231 728 3299; x_wconf 87' lang='lat' dir='ltr'><strong>imperio</strong></span> <span class='ocrx_word' id='word_1_473' title='bbox 754 3231 1138 3301; x_wconf 81' lang='lat' dir='ltr'><strong>subjecerunt,</strong></span> <span class='ocrx_word' id='word_1_474' title='bbox 1161 3245 1224 3286; x_wconf 91' lang='lat' dir='ltr'><strong>ac</strong></span> <span class='ocrx_word' id='word_1_475' title='bbox 1252 3232 1481 3301; x_wconf 88' lang='lat' dir='ltr'><strong>denique</strong></span> <span class='ocrx_word' id='word_1_476' title='bbox 1510 3242 1564 3286; x_wconf 88' lang='lat' dir='ltr'><strong>ut</strong></span> <span class='ocrx_word' id='word_1_477' title='bbox 1593 3247 1810 3302; x_wconf 90' lang='lat' dir='ltr'><strong>precum</strong></span> <span class='ocrx_word' id='word_1_478' title='bbox 1841 3249 2078 3300; x_wconf 78' lang='lat' dir='ltr'><strong>mearum</strong></span> <span class='ocrx_word' id='word_1_479' title='bbox 2105 3220 2151 3282; x_wconf 86' lang='lat' dir='ltr'><strong>C</strong></span> <span class='ocrx_word' id='word_1_480' title='bbox 2187 3229 2241 3282; x_wconf 92' lang='lat' dir='ltr'><strong>in</strong></span> <span class='ocrx_word' id='word_1_481' title='bbox 2270 3243 2499 3300; x_wconf 90' lang='lat' dir='ltr'><strong>quorum</strong></span> <span class='ocrx_word' id='word_1_482' title='bbox 2547 3232 2766 3284; x_wconf 89' lang='lat' dir='ltr'><strong>nomine</strong></span> <span class='ocrx_word' id='word_1_483' title='bbox 2802 3230 3099 3298; x_wconf 77' lang='lat' dir='ltr'><strong>baptizatus</strong></span> <span class='ocrx_word' id='word_1_484' title='bbox 3141 3244 3288 3293; x_wconf 89' lang='lat' dir='ltr'><strong>sum,</strong></span> <span class='ocrx_word' id='word_1_485' title='bbox 3333 3237 3389 3284; x_wconf 89' lang='lat' dir='ltr'><strong>et</strong></span> <span class='ocrx_word' id='word_1_486' title='bbox 3426 3245 3562 3298; x_wconf 90' lang='lat' dir='ltr'><strong>quos</strong></span> <span class='ocrx_word' id='word_1_487' title='bbox 3599 3233 3775 3284; x_wconf 82' lang='lat' dir='ltr'><strong>conti-</strong></span> 
     </span>
    </p>
   </div>
   <div class='ocr_carea' id='block_1_63' title="bbox 503 3320 2081 3393">
    <p class='ocr_par' dir='ltr' id='par_1_63' title="bbox 503 3320 2081 3393">
     <span class='ocr_line' id='line_1_63' title="bbox 503 3320 2081 3393; baseline 0.004 -19"><span class='ocrx_word' id='word_1_488' title='bbox 503 3329 557 3375; x_wconf 86' lang='lat' dir='ltr'><strong>et</strong></span> <span class='ocrx_word' id='word_1_489' title='bbox 586 3320 883 3374; x_wconf 88' lang='lat' dir='ltr'><strong>orationum</strong></span> <span class='ocrx_word' id='word_1_490' title='bbox 913 3335 1078 3390; x_wconf 89' lang='lat' dir='ltr'><strong>opera</strong></span> <span class='ocrx_word' id='word_1_491' title='bbox 1107 3322 1404 3391; x_wconf 80' lang='lat' dir='ltr'><strong>gignereris</strong></span> <span class='ocrx_word' id='word_1_492' title='bbox 1428 3360 1444 3387; x_wconf 92' lang='lat'><strong>,</strong></span> <span class='ocrx_word' id='word_1_493' title='bbox 1477 3336 1540 3376; x_wconf 91' lang='lat' dir='ltr'><strong>ac</strong></span> <span class='ocrx_word' id='word_1_494' title='bbox 1570 3322 1898 3378; x_wconf 68' lang='lat' dir='ltr'><strong>dulcissima:</strong></span> <span class='ocrx_word' id='word_1_495' title='bbox 1924 3324 2081 3393; x_wconf 90' lang='lat' dir='ltr'><strong>hujus</strong></span> 
     </span>
    </p>
   </div>
   <div class='ocr_carea' id='block_1_64' title="bbox 498 3408 2080 3483">
    <p class='ocr_par' dir='ltr' id='par_1_64' title="bbox 498 3408 2080 3483">
     <span class='ocr_line' id='line_1_64' title="bbox 498 3408 2080 3483; baseline 0.004 -20"><span class='ocrx_word' id='word_1_496' title='bbox 498 3408 632 3464; x_wconf 90' lang='lat' dir='ltr'><strong>lucis</strong></span> <span class='ocrx_word' id='word_1_497' title='bbox 663 3410 928 3480; x_wconf 89' lang='lat' dir='ltr'><strong>particeps</strong></span> <span class='ocrx_word' id='word_1_498' title='bbox 958 3411 1144 3473; x_wconf 85' lang='lat' dir='ltr'><strong>fieres,</strong></span> <span class='ocrx_word' id='word_1_499' title='bbox 1173 3417 1368 3477; x_wconf 64' lang='lat' dir='ltr'><strong>praeter</strong></span> <span class='ocrx_word' id='word_1_500' title='bbox 1393 3424 1542 3479; x_wconf 90' lang='lat' dir='ltr'><strong>spem</strong></span> <span class='ocrx_word' id='word_1_501' title='bbox 1570 3411 1893 3481; x_wconf 81' lang='lat' dir='ltr'><strong>eli‘ecerunt,</strong></span> <span class='ocrx_word' id='word_1_502' title='bbox 1916 3413 1964 3468; x_wconf 89' lang='lat' dir='ltr'><strong>ei</strong></span> <span class='ocrx_word' id='word_1_503' title='bbox 1991 3415 2080 3483; x_wconf 89' lang='lat' dir='ltr'><strong>qui</strong></span> 
     </span>
    </p>
   </div>
   <div class='ocr_carea' id='block_1_65' title="bbox 497 3497 2082 3569">
    <p class='ocr_par' dir='ltr' id='par_1_65' title="bbox 497 3497 2082 3569">
     <span class='ocr_line' id='line_1_65' title="bbox 497 3497 2082 3569; baseline 0.003 -16"><span class='ocrx_word' id='word_1_504' title='bbox 497 3498 646 3553; x_wconf 87' lang='lat' dir='ltr'><strong>cruci</strong></span> <span class='ocrx_word' id='word_1_505' title='bbox 690 3499 881 3553; x_wconf 57' lang='lat' dir='ltr'><strong>affixus</strong></span> <span class='ocrx_word' id='word_1_506' title='bbox 919 3508 1002 3552; x_wconf 90' lang='lat' dir='ltr'><strong>est</strong></span> <span class='ocrx_word' id='word_1_507' title='bbox 1030 3497 1330 3552; x_wconf 85' lang='lat' dir='ltr'><strong>arctissime</strong></span> <span class='ocrx_word' id='word_1_508' title='bbox 1359 3507 1410 3552; x_wconf 90' lang='lat' dir='ltr'><strong>te</strong></span> <span class='ocrx_word' id='word_1_509' title='bbox 1439 3499 1799 3569; x_wconf 85' lang='lat' dir='ltr'><strong>conjunxisti,</strong></span> <span class='ocrx_word' id='word_1_510' title='bbox 1833 3501 2082 3557; x_wconf 89' lang='lat' dir='ltr'><strong>inanibus</strong></span> 
     </span>
    </p>
   </div>
   <div class='ocr_carea' id='block_1_66' title="bbox 501 3587 2082 3662">
    <p class='ocr_par' dir='ltr' id='par_1_66' title="bbox 501 3587 2082 3662">
     <span class='ocr_line' id='line_1_66' title="bbox 501 3587 2082 3662; baseline 0.004 -23"><span class='ocrx_word' id='word_1_511' title='bbox 501 3587 752 3643; x_wconf 84' lang='lat' dir='ltr'><strong>videlicet</strong></span> <span class='ocrx_word' id='word_1_512' title='bbox 794 3587 961 3657; x_wconf 90' lang='lat' dir='ltr'><strong>ipsius</strong></span> <span class='ocrx_word' id='word_1_513' title='bbox 1003 3588 1270 3642; x_wconf 91' lang='lat' dir='ltr'><strong>cultorum</strong></span> <span class='ocrx_word' id='word_1_514' title='bbox 1324 3588 1603 3656; x_wconf 87' lang='lat' dir='ltr'><strong>promissis</strong></span> <span class='ocrx_word' id='word_1_515' title='bbox 1648 3590 1942 3658; x_wconf 86' lang='lat' dir='ltr'><strong>deceptus,</strong></span> <span class='ocrx_word' id='word_1_516' title='bbox 1993 3591 2082 3662; x_wconf 90' lang='lat' dir='ltr'><strong>qui</strong></span> 
     </span>
    </p>
   </div>
   <div class='ocr_carea' id='block_1_67' title="bbox 500 3680 2083 3754">
    <p class='ocr_par' dir='ltr' id='par_1_67' title="bbox 500 3680 2083 3754">
     <span class='ocr_line' id='line_1_67' title="bbox 500 3680 2083 3754; baseline 0.003 -20"><span class='ocrx_word' id='word_1_517' title='bbox 500 3696 636 3735; x_wconf 86' lang='lat' dir='ltr'><strong>nova</strong></span> <span class='ocrx_word' id='word_1_518' title='bbox 690 3682 934 3752; x_wconf 62' lang='lat' dir='ltr'><strong>quaedam</strong></span> <span class='ocrx_word' id='word_1_519' title='bbox 984 3681 1180 3736; x_wconf 67' lang='lat' dir='ltr'><strong>sascula</strong></span> <span class='ocrx_word' id='word_1_520' title='bbox 1235 3680 1581 3751; x_wconf 86' lang='lat' dir='ltr'><strong>confingunt,</strong></span> <span class='ocrx_word' id='word_1_521' title='bbox 1639 3692 2083 3754; x_wconf 88' lang='lat' dir='ltr'><strong>mortuorumque</strong></span> 
     </span>
    </p>
   </div>
   <div class='ocr_carea' id='block_1_68' title="bbox 495 3769 2080 3842">
    <p class='ocr_par' dir='ltr' id='par_1_68' title="bbox 495 3769 2080 3842">
     <span class='ocr_line' id='line_1_68' title="bbox 495 3769 2080 3842; baseline 0 -16"><span class='ocrx_word' id='word_1_522' title='bbox 495 3787 779 3842; x_wconf 88' lang='lat' dir='ltr'><strong>corporum</strong></span> <span class='ocrx_word' id='word_1_523' title='bbox 805 3773 1249 3826; x_wconf 79' lang='lat' dir='ltr'><strong>resurreCtionem</strong></span> <span class='ocrx_word' id='word_1_524' title='bbox 1274 3781 1560 3841; x_wconf 87' lang='lat' dir='ltr'><strong>nugantur,</strong></span> <span class='ocrx_word' id='word_1_525' title='bbox 1581 3769 1788 3841; x_wconf 89' lang='lat' dir='ltr'><strong>aliaque</strong></span> <span class='ocrx_word' id='word_1_526' title='bbox 1809 3782 2080 3841; x_wconf 80' lang='lat' dir='ltr'><strong>sexcenta,</strong></span> 
     </span>
    </p>
   </div>
   <div class='ocr_carea' id='block_1_69' title="bbox 500 3858 2012 3927">
    <p class='ocr_par' dir='ltr' id='par_1_69' title="bbox 500 3858 2012 3927">
     <span class='ocr_line' id='line_1_69' title="bbox 500 3858 2012 3927; baseline 0.001 -11"><span class='ocrx_word' id='word_1_527' title='bbox 500 3871 560 3917; x_wconf 89' lang='lat' dir='ltr'><strong>ut</strong></span> <span class='ocrx_word' id='word_1_528' title='bbox 585 3862 792 3916; x_wconf 89' lang='lat' dir='ltr'><strong>stolidis</strong></span> <span class='ocrx_word' id='word_1_529' title='bbox 821 3861 1128 3915; x_wconf 88' lang='lat' dir='ltr'><strong>hominibus</strong></span> <span class='ocrx_word' id='word_1_530' title='bbox 1157 3860 1332 3913; x_wconf 84' lang='lat' dir='ltr'><strong>fucum</strong></span> <span class='ocrx_word' id='word_1_531' title='bbox 1363 3858 1596 3927; x_wconf 87' lang='lat' dir='ltr'><strong>faciant,</strong></span> <span class='ocrx_word' id='word_1_532' title='bbox 1626 3861 2012 3917; x_wconf 89' lang='lat' dir='ltr'><strong>introducunt?</strong></span> 
     </span>
    </p>
   </div>
   <div class='ocr_carea' id='block_1_70' title="bbox 572 3951 2081 4023">
    <p class='ocr_par' dir='ltr' id='par_1_70' title="bbox 572 3951 2081 4023">
     <span class='ocr_line' id='line_1_70' title="bbox 572 3951 2081 4023; baseline 0.003 -18"><span class='ocrx_word' id='word_1_533' title='bbox 572 3951 766 4006; x_wconf 79' lang='lat' dir='ltr'><strong>Verum</strong></span> <span class='ocrx_word' id='word_1_534' title='bbox 802 3965 944 4005; x_wconf 85' lang='lat' dir='ltr'><strong>nunc</strong></span> <span class='ocrx_word' id='word_1_535' title='bbox 968 3952 1156 4005; x_wconf 85' lang='lat' dir='ltr'><strong>saltem</strong></span> <span class='ocrx_word' id='word_1_536' title='bbox 1177 3991 1194 4017; x_wconf 96' lang='lat'><strong>,</strong></span> <span class='ocrx_word' id='word_1_537' title='bbox 1226 3951 1540 4007; x_wconf 90' lang='lat' dir='ltr'><strong>charissime</strong></span> <span class='ocrx_word' id='word_1_538' title='bbox 1571 3953 1642 4007; x_wconf 83' lang='lat' dir='ltr'><strong>lili</strong></span> <span class='ocrx_word' id='word_1_539' title='bbox 1665 3993 1680 4018; x_wconf 92' lang='lat'><strong>,</strong></span> <span class='ocrx_word' id='word_1_540' title='bbox 1713 3954 1755 4007; x_wconf 93' lang='lat' dir='ltr'><strong>si</strong></span> <span class='ocrx_word' id='word_1_541' title='bbox 1785 3955 1909 4023; x_wconf 89' lang='lat' dir='ltr'><strong>quid</strong></span> <span class='ocrx_word' id='word_1_542' title='bbox 1951 3955 2081 4009; x_wconf 89' lang='lat' dir='ltr'><strong>mihi</strong></span> 
     </span>
    </p>
   </div>
   <div class='ocr_carea' id='block_1_71' title="bbox 495 4040 2085 4116">
    <p class='ocr_par' dir='ltr' id='par_1_71' title="bbox 495 4040 2085 4116">
     <span class='ocr_line' id='line_1_71' title="bbox 495 4040 2085 4116; baseline 0.004 -23"><span class='ocrx_word' id='word_1_543' title='bbox 495 4040 637 4108; x_wconf 88' lang='lat' dir='ltr'><strong>patri</strong></span> <span class='ocrx_word' id='word_1_544' title='bbox 666 4049 758 4094; x_wconf 92' lang='lat' dir='ltr'><strong>tuo</strong></span> <span class='ocrx_word' id='word_1_545' title='bbox 787 4041 1267 4108; x_wconf 85' lang='lat' dir='ltr'><strong>oblemperandum</strong></span> <span class='ocrx_word' id='word_1_546' title='bbox 1310 4052 1499 4112; x_wconf 89' lang='lat' dir='ltr'><strong>putas,</strong></span> <span class='ocrx_word' id='word_1_547' title='bbox 1545 4045 1767 4114; x_wconf 79' lang='lat' dir='ltr'><strong>prolixis</strong></span> <span class='ocrx_word' id='word_1_548' title='bbox 1810 4045 1892 4101; x_wconf 91' lang='lat' dir='ltr'><strong>his</strong></span> <span class='ocrx_word' id='word_1_549' title='bbox 1932 4047 2085 4116; x_wconf 83' lang='lat' dir='ltr'><strong>nugis</strong></span> 
     </span>
    </p>
   </div>
   <div class='ocr_carea' id='block_1_72' title="bbox 495 4130 2080 4204">
    <p class='ocr_par' dir='ltr' id='par_1_72' title="bbox 495 4130 2080 4204">
     <span class='ocr_line' id='line_1_72' title="bbox 495 4130 2080 4204; baseline 0.004 -20"><span class='ocrx_word' id='word_1_550' title='bbox 495 4131 712 4198; x_wconf 80' lang='lat' dir='ltr'><strong>longum</strong></span> <span class='ocrx_word' id='word_1_551' title='bbox 742 4130 921 4185; x_wconf 91' lang='lat' dir='ltr'><strong>valere</strong></span> <span class='ocrx_word' id='word_1_552' title='bbox 946 4131 1131 4199; x_wconf 83' lang='lat' dir='ltr'><strong>jussis,</strong></span> <span class='ocrx_word' id='word_1_553' title='bbox 1164 4132 1407 4203; x_wconf 82' lang='lat' dir='ltr'><strong>benignis</strong></span> <span class='ocrx_word' id='word_1_554' title='bbox 1429 4135 1554 4200; x_wconf 90' lang='lat' dir='ltr'><strong>diis,</strong></span> <span class='ocrx_word' id='word_1_555' title='bbox 1583 4149 1788 4204; x_wconf 60' lang='lat' dir='ltr'><strong>quaeso,</strong></span> <span class='ocrx_word' id='word_1_556' title='bbox 1819 4135 2080 4202; x_wconf 82' lang='lat' dir='ltr'><strong>sacrifica,</strong></span> 
     </span>
    </p>
   </div>
   <div class='ocr_carea' id='block_1_73' title="bbox 495 4219 2083 4294">
    <p class='ocr_par' dir='ltr' id='par_1_73' title="bbox 495 4219 2083 4294">
     <span class='ocr_line' id='line_1_73' title="bbox 495 4219 2083 4294; baseline 0.004 -21"><span class='ocrx_word' id='word_1_557' title='bbox 495 4230 657 4288; x_wconf 87' lang='lat' dir='ltr'><strong>atque</strong></span> <span class='ocrx_word' id='word_1_558' title='bbox 684 4235 778 4276; x_wconf 89' lang='lat' dir='ltr'><strong>eos</strong></span> <span class='ocrx_word' id='word_1_559' title='bbox 809 4219 1051 4288; x_wconf 89' lang='lat' dir='ltr'><strong>plurimis</strong></span> <span class='ocrx_word' id='word_1_560' title='bbox 1080 4220 1314 4276; x_wconf 86' lang='lat' dir='ltr'><strong>victimis</strong></span> <span class='ocrx_word' id='word_1_561' title='bbox 1343 4232 1395 4277; x_wconf 91' lang='lat' dir='ltr'><strong>et</strong></span> <span class='ocrx_word' id='word_1_562' title='bbox 1421 4225 1700 4278; x_wconf 84' lang='lat' dir='ltr'><strong>sacrificiis</strong></span> <span class='ocrx_word' id='word_1_563' title='bbox 1730 4225 1940 4294; x_wconf 85' lang='lat' dir='ltr'><strong>placare</strong></span> <span class='ocrx_word' id='word_1_564' title='bbox 1968 4236 2083 4280; x_wconf 84' lang='lat' dir='ltr'><strong>stu-</strong></span> 
     </span>
    </p>
   </div>
   <div class='ocr_carea' id='block_1_74' title="bbox 496 4312 2083 4385">
    <p class='ocr_par' dir='ltr' id='par_1_74' title="bbox 496 4312 2083 4385">
     <span class='ocr_line' id='line_1_74' title="bbox 496 4312 2083 4385; baseline 0.003 -19"><span class='ocrx_word' id='word_1_565' title='bbox 496 4312 751 4380; x_wconf 83' lang='lat' dir='ltr'><strong>deamus,</strong></span> <span class='ocrx_word' id='word_1_566' title='bbox 788 4321 847 4366; x_wconf 90' lang='lat' dir='ltr'><strong>ut</strong></span> <span class='ocrx_word' id='word_1_567' title='bbox 873 4312 1038 4367; x_wconf 90' lang='lat' dir='ltr'><strong>errati</strong></span> <span class='ocrx_word' id='word_1_568' title='bbox 1065 4313 1275 4368; x_wconf 89' lang='lat' dir='ltr'><strong>veniam</strong></span> <span class='ocrx_word' id='word_1_569' title='bbox 1309 4313 1377 4367; x_wconf 89' lang='lat' dir='ltr'><strong>ab</strong></span> <span class='ocrx_word' id='word_1_570' title='bbox 1416 4313 1548 4382; x_wconf 82' lang='lat' dir='ltr'><strong>ipsis</strong></span> <span class='ocrx_word' id='word_1_571' title='bbox 1588 4315 1878 4383; x_wconf 89' lang='lat' dir='ltr'><strong>impetres,</strong></span> <span class='ocrx_word' id='word_1_572' title='bbox 1921 4316 2083 4385; x_wconf 91' lang='lat' dir='ltr'><strong>siqui-</strong></span> 
     </span>
    </p>
   </div>
   <div class='ocr_carea' id='block_1_75' title="bbox 495 4402 2085 4474">
    <p class='ocr_par' dir='ltr' id='par_1_75' title="bbox 495 4402 2085 4474">
     <span class='ocr_line' id='line_1_75' title="bbox 495 4402 2085 4474; baseline 0.001 -16"><span class='ocrx_word' id='word_1_573' title='bbox 495 4402 619 4459; x_wconf 84' lang='lat' dir='ltr'><strong>dem</strong></span> <span class='ocrx_word' id='word_1_574' title='bbox 651 4403 789 4458; x_wconf 91' lang='lat' dir='ltr'><strong>hanc</strong></span> <span class='ocrx_word' id='word_1_575' title='bbox 817 4404 923 4458; x_wconf 91' lang='lat' dir='ltr'><strong>vim</strong></span> <span class='ocrx_word' id='word_1_576' title='bbox 957 4404 1031 4458; x_wconf 89' lang='lat' dir='ltr'><strong>illi</strong></span> <span class='ocrx_word' id='word_1_577' title='bbox 1061 4403 1295 4472; x_wconf 88' lang='lat' dir='ltr'><strong>habent,</strong></span> <span class='ocrx_word' id='word_1_578' title='bbox 1329 4411 1390 4458; x_wconf 90' lang='lat' dir='ltr'><strong>ut</strong></span> <span class='ocrx_word' id='word_1_579' title='bbox 1416 4412 1471 4459; x_wconf 90' lang='lat' dir='ltr'><strong>et</strong></span> <span class='ocrx_word' id='word_1_580' title='bbox 1499 4403 1775 4459; x_wconf 86' lang='lat' dir='ltr'><strong>beneficiis</strong></span> <span class='ocrx_word' id='word_1_581' title='bbox 1803 4412 1857 4460; x_wconf 91' lang='lat' dir='ltr'><strong>et</strong></span> <span class='ocrx_word' id='word_1_582' title='bbox 1883 4406 2085 4474; x_wconf 88' lang='lat' dir='ltr'><strong>suppli-</strong></span> 
     </span>
    </p>
   </div>
   <div class='ocr_carea' id='block_1_76' title="bbox 491 4494 1088 4565">
    <p class='ocr_par' dir='ltr' id='par_1_76' title="bbox 491 4494 1088 4565">
     <span class='ocr_line' id='line_1_76' title="bbox 491 4494 1088 4565; baseline 0 -13"><span class='ocrx_word' id='word_1_583' title='bbox 491 4497 590 4552; x_wconf 87' lang='lat' dir='ltr'><strong>ciis</strong></span> <span class='ocrx_word' id='word_1_584' title='bbox 616 4494 833 4552; x_wconf 84' lang='lat' dir='ltr'><strong>afﬁcere</strong></span> <span class='ocrx_word' id='word_1_585' title='bbox 864 4495 1088 4565; x_wconf 89' lang='lat' dir='ltr'><strong>possint.</strong></span> 
     </span>
    </p>
   </div>
   <div class='ocr_carea' id='block_1_77' title="bbox 565 4608 2078 4680">
    <p class='ocr_par' dir='ltr' id='par_1_77' title="bbox 565 4608 2078 4680">
     <span class='ocr_line' id='line_1_77' title="bbox 565 4608 2078 4680; baseline -0.003 -12"><span class='ocrx_word' id='word_1_586' title='bbox 565 4614 643 4669; x_wconf 81' lang='lat' dir='ltr'><strong>Ac</strong></span> <span class='ocrx_word' id='word_1_587' title='bbox 672 4626 772 4666; x_wconf 88' lang='lat' dir='ltr'><strong>nos</strong></span> <span class='ocrx_word' id='word_1_588' title='bbox 797 4625 984 4667; x_wconf 89' lang='lat' dir='ltr'><strong>eorum</strong></span> <span class='ocrx_word' id='word_1_589' title='bbox 1010 4623 1130 4680; x_wconf 76' lang='lat' dir='ltr'><strong>qua:</strong></span> <span class='ocrx_word' id='word_1_590' title='bbox 1157 4610 1391 4663; x_wconf 77' lang='lat' dir='ltr'><strong>diximus</strong></span> <span class='ocrx_word' id='word_1_591' title='bbox 1416 4608 1721 4677; x_wconf 84' lang='lat' dir='ltr'><strong>exemplum</strong></span> <span class='ocrx_word' id='word_1_592' title='bbox 1748 4609 1840 4664; x_wconf 93' lang='lat' dir='ltr'><strong>tibi</strong></span> <span class='ocrx_word' id='word_1_593' title='bbox 1869 4625 2078 4676; x_wconf 85' lang='lat' dir='ltr'><strong>sumus,</strong></span> 
     </span>
    </p>
   </div>
   <div class='ocr_carea' id='block_1_78' title="bbox 489 4699 2076 4778">
    <p class='ocr_par' dir='ltr' id='par_1_78' title="bbox 489 4699 2076 4778">
     <span class='ocr_line' id='line_1_78' title="bbox 489 4699 2076 4778; baseline -0.005 -18"><span class='ocrx_word' id='word_1_594' title='bbox 489 4705 581 4778; x_wconf 90' lang='lat' dir='ltr'><strong>qui</strong></span> <span class='ocrx_word' id='word_1_595' title='bbox 614 4706 852 4773; x_wconf 90' lang='lat' dir='ltr'><strong>ipsorum</strong></span> <span class='ocrx_word' id='word_1_596' title='bbox 884 4699 1147 4756; x_wconf 84' lang='lat' dir='ltr'><strong>beneﬁcio</strong></span> <span class='ocrx_word' id='word_1_597' title='bbox 1176 4700 1244 4754; x_wconf 91' lang='lat' dir='ltr'><strong>ad</strong></span> <span class='ocrx_word' id='word_1_598' title='bbox 1276 4700 1378 4754; x_wconf 92' lang='lat' dir='ltr'><strong>hoc</strong></span> <span class='ocrx_word' id='word_1_599' title='bbox 1405 4700 1683 4770; x_wconf 88' lang='lat' dir='ltr'><strong>imperium</strong></span> <span class='ocrx_word' id='word_1_600' title='bbox 1714 4699 2076 4767; x_wconf 87' lang='lat' dir='ltr'><strong>pervenimus,</strong></span> 
     </span>
    </p>
   </div>
   <div class='ocr_carea' id='block_1_79' title="bbox 493 4787 2078 4865">
    <p class='ocr_par' dir='ltr' id='par_1_79' title="bbox 493 4787 2078 4865">
     <span class='ocr_line' id='line_1_79' title="bbox 493 4787 2078 4865; baseline -0.005 -17"><span class='ocrx_word' id='word_1_601' title='bbox 493 4805 652 4865; x_wconf 89' lang='lat' dir='ltr'><strong>atque</strong></span> <span class='ocrx_word' id='word_1_602' title='bbox 684 4793 822 4848; x_wconf 90' lang='lat' dir='ltr'><strong>hanc</strong></span> <span class='ocrx_word' id='word_1_603' title='bbox 849 4789 978 4858; x_wconf 87' lang='lat' dir='ltr'><strong>ipsis</strong></span> <span class='ocrx_word' id='word_1_604' title='bbox 1011 4787 1258 4844; x_wconf 86' lang='lat' dir='ltr'><strong>beneficii</strong></span> <span class='ocrx_word' id='word_1_605' title='bbox 1295 4788 1468 4842; x_wconf 91' lang='lat' dir='ltr'><strong>vicem</strong></span> <span class='ocrx_word' id='word_1_606' title='bbox 1508 4787 1890 4858; x_wconf 88' lang='lat' dir='ltr'><strong>rependimus.</strong></span> <span class='ocrx_word' id='word_1_607' title='bbox 1932 4802 1981 4841; x_wconf 82' lang='lat' dir='ltr'><strong>ut</strong></span> <span class='ocrx_word' id='word_1_608' title='bbox 2025 4798 2078 4842; x_wconf 92' lang='lat' dir='ltr'><strong>et</strong></span> 
     </span>
    </p>
   </div>
   <div class='ocr_carea' id='block_1_80' title="bbox 489 4879 2078 4947">
    <p class='ocr_par' dir='ltr' id='par_1_80' title="bbox 489 4879 2078 4947">
     <span class='ocr_line' id='line_1_80' title="bbox 489 4879 2078 4947; baseline -0.007 -7"><span class='ocrx_word' id='word_1_609' title='bbox 489 4901 676 4940; x_wconf 87' lang='lat' dir='ltr'><strong>eorum</strong></span> <span class='ocrx_word' id='word_1_610' title='bbox 702 4883 1003 4938; x_wconf 88' lang='lat' dir='ltr'><strong>cultoribus</strong></span> <span class='ocrx_word' id='word_1_611' title='bbox 1032 4882 1288 4934; x_wconf 89' lang='lat' dir='ltr'><strong>honorem</strong></span> <span class='ocrx_word' id='word_1_612' title='bbox 1318 4880 1614 4932; x_wconf 88' lang='lat' dir='ltr'><strong>tribuamus</strong></span> <span class='ocrx_word' id='word_1_613' title='bbox 1635 4922 1649 4946; x_wconf 90' lang='lat'><strong>,</strong></span> <span class='ocrx_word' id='word_1_614' title='bbox 1676 4887 1730 4932; x_wconf 90' lang='lat' dir='ltr'><strong>et</strong></span> <span class='ocrx_word' id='word_1_615' title='bbox 1755 4893 1846 4932; x_wconf 91' lang='lat' dir='ltr'><strong>eos</strong></span> <span class='ocrx_word' id='word_1_616' title='bbox 1869 4881 1955 4947; x_wconf 90' lang='lat' dir='ltr'><strong>qui</strong></span> <span class='ocrx_word' id='word_1_617' title='bbox 1984 4879 2078 4930; x_wconf 87' lang='lat' dir='ltr'><strong>ad-</strong></span> 
     </span>
    </p>
   </div>
   <div class='ocr_carea' id='block_1_81' title="bbox 493 4968 2075 5044">
    <p class='ocr_par' dir='ltr' id='par_1_81' title="bbox 493 4968 2075 5044">
     <span class='ocr_line' id='line_1_81' title="bbox 493 4968 2075 5044; baseline -0.006 -14"><span class='ocrx_word' id='word_1_618' title='bbox 493 4975 616 5030; x_wconf 89' lang='lat' dir='ltr'><strong>duci</strong></span> <span class='ocrx_word' id='word_1_619' title='bbox 647 4980 920 5044; x_wconf 90' lang='lat' dir='ltr'><strong>nequeunt</strong></span> <span class='ocrx_word' id='word_1_620' title='bbox 949 4980 1002 5024; x_wconf 92' lang='lat' dir='ltr'><strong>ut</strong></span> <span class='ocrx_word' id='word_1_621' title='bbox 1034 4970 1165 5039; x_wconf 87' lang='lat' dir='ltr'><strong>ipsis</strong></span> <span class='ocrx_word' id='word_1_622' title='bbox 1205 4968 1546 5032; x_wconf 85' lang='lat' dir='ltr'><strong>sacriﬁcent,</strong></span> <span class='ocrx_word' id='word_1_623' title='bbox 1579 4968 1854 5036; x_wconf 86' lang='lat' dir='ltr'><strong>suppliciis</strong></span> <span class='ocrx_word' id='word_1_624' title='bbox 1885 4983 2075 5022; x_wconf 79' lang='lat' dir='ltr'><strong>excru-</strong></span> 
     </span>
    </p>
   </div>
   <div class='ocr_carea' id='block_1_82' title="bbox 492 5058 2072 5128">
    <p class='ocr_par' dir='ltr' id='par_1_82' title="bbox 492 5058 2072 5128">
     <span class='ocr_line' id='line_1_82' title="bbox 492 5058 2072 5128; baseline -0.006 -7"><span class='ocrx_word' id='word_1_625' title='bbox 492 5068 715 5121; x_wconf 79' lang='lat' dir='ltr'><strong>ciemus.</strong></span> <span class='ocrx_word' id='word_1_626' title='bbox 760 5063 952 5118; x_wconf 84' lang='lat' dir='ltr'><strong>Multas</strong></span> <span class='ocrx_word' id='word_1_627' title='bbox 991 5062 1148 5127; x_wconf 83' lang='lat' dir='ltr'><strong>igitur</strong></span> <span class='ocrx_word' id='word_1_628' title='bbox 1191 5058 1495 5128; x_wconf 86' lang='lat' dir='ltr'><strong>hujusmodi</strong></span> <span class='ocrx_word' id='word_1_629' title='bbox 1537 5073 1704 5127; x_wconf 86' lang='lat' dir='ltr'><strong>nugas</strong></span> <span class='ocrx_word' id='word_1_630' title='bbox 1743 5072 2072 5112; x_wconf 86' lang='lat' dir='ltr'><strong>commemo-</strong></span> 
     </span>
    </p>
   </div>
   <div class='ocr_carea' id='block_1_83' title="bbox 491 5148 2078 5224">
    <p class='ocr_par' dir='ltr' id='par_1_83' title="bbox 491 5148 2078 5224">
     <span class='ocr_line' id='line_1_83' title="bbox 491 5148 2078 5224; baseline -0.005 -14"><span class='ocrx_word' id='word_1_631' title='bbox 491 5167 643 5210; x_wconf 88' lang='lat' dir='ltr'><strong>rante</strong></span> <span class='ocrx_word' id='word_1_632' title='bbox 671 5167 829 5224; x_wconf 82' lang='lat' dir='ltr'><strong>rege,</strong></span> <span class='ocrx_word' id='word_1_633' title='bbox 862 5167 923 5205; x_wconf 88' lang='lat' dir='ltr'><strong>ac</strong></span> <span class='ocrx_word' id='word_1_634' title='bbox 951 5159 1130 5206; x_wconf 91' lang='lat' dir='ltr'><strong>nostra</strong></span> <span class='ocrx_word' id='word_1_635' title='bbox 1155 5148 1369 5219; x_wconf 88' lang='lat' dir='ltr'><strong>quidem</strong></span> <span class='ocrx_word' id='word_1_636' title='bbox 1400 5149 1644 5218; x_wconf 87' lang='lat' dir='ltr'><strong>dogmata</strong></span> <span class='ocrx_word' id='word_1_637' title='bbox 1677 5149 1992 5217; x_wconf 79' lang='lat' dir='ltr'><strong>suggillante</strong></span> <span class='ocrx_word' id='word_1_638' title='bbox 2023 5157 2078 5202; x_wconf 88' lang='lat' dir='ltr'><strong>et</strong></span> 
     </span>
    </p>
   </div>
   <div class='ocr_carea' id='block_1_84' title="bbox 494 5239 2075 5305">
    <p class='ocr_par' dir='ltr' id='par_1_84' title="bbox 494 5239 2075 5305">
     <span class='ocr_line' id='line_1_84' title="bbox 494 5239 2075 5305; baseline -0.004 -7"><span class='ocrx_word' id='word_1_639' title='bbox 494 5243 836 5305; x_wconf 89' lang='lat' dir='ltr'><strong>traducente,</strong></span> <span class='ocrx_word' id='word_1_640' title='bbox 869 5241 1132 5294; x_wconf 81' lang='lat' dir='ltr'><strong>idolorum</strong></span> <span class='ocrx_word' id='word_1_641' title='bbox 1161 5250 1339 5294; x_wconf 88' lang='lat' dir='ltr'><strong>autem</strong></span> <span class='ocrx_word' id='word_1_642' title='bbox 1366 5240 1566 5293; x_wconf 91' lang='lat' dir='ltr'><strong>cultum</strong></span> <span class='ocrx_word' id='word_1_643' title='bbox 1600 5239 1848 5292; x_wconf 87' lang='lat' dir='ltr'><strong>laudibus</strong></span> <span class='ocrx_word' id='word_1_644' title='bbox 1891 5250 1943 5293; x_wconf 92' lang='lat' dir='ltr'><strong>et</strong></span> <span class='ocrx_word' id='word_1_645' title='bbox 1982 5254 2075 5292; x_wconf 90' lang='lat' dir='ltr'><strong>en-</strong></span> 
     </span>
    </p>
   </div>
   <div class='ocr_carea' id='block_1_85' title="bbox 488 5329 2077 5401">
    <p class='ocr_par' dir='ltr' id='par_1_85' title="bbox 488 5329 2077 5401">
     <span class='ocr_line' id='line_1_85' title="bbox 488 5329 2077 5401; baseline -0.003 -13"><span class='ocrx_word' id='word_1_646' title='bbox 488 5334 675 5388; x_wconf 87' lang='lat' dir='ltr'><strong>comiis</strong></span> <span class='ocrx_word' id='word_1_647' title='bbox 698 5342 1080 5401; x_wconf 87' lang='lat' dir='ltr'><strong>prosequente,</strong></span> <span class='ocrx_word' id='word_1_648' title='bbox 1104 5331 1470 5385; x_wconf 87' lang='lat' dir='ltr'><strong>divinissitnus</strong></span> <span class='ocrx_word' id='word_1_649' title='bbox 1492 5329 1706 5400; x_wconf 89' lang='lat' dir='ltr'><strong>juvenis</strong></span> <span class='ocrx_word' id='word_1_650' title='bbox 1730 5344 1842 5383; x_wconf 91' lang='lat' dir='ltr'><strong>rem</strong></span> <span class='ocrx_word' id='word_1_651' title='bbox 1869 5344 1933 5384; x_wconf 89' lang='lat' dir='ltr'><strong>eo</strong></span> <span class='ocrx_word' id='word_1_652' title='bbox 1960 5330 2077 5383; x_wconf 86' lang='lat' dir='ltr'><strong>loco</strong></span> 
     </span>
    </p>
   </div>
   <div class='ocr_carea' id='block_1_86' title="bbox 491 5420 2074 5492">
    <p class='ocr_par' dir='ltr' id='par_1_86' title="bbox 491 5420 2074 5492">
     <span class='ocr_line' id='line_1_86' title="bbox 491 5420 2074 5492; baseline -0.004 -12"><span class='ocrx_word' id='word_1_653' title='bbox 491 5440 612 5480; x_wconf 88' lang='lat' dir='ltr'><strong>esse</strong></span> <span class='ocrx_word' id='word_1_654' title='bbox 643 5423 853 5486; x_wconf 87' lang='lat' dir='ltr'><strong>videns,</strong></span> <span class='ocrx_word' id='word_1_655' title='bbox 883 5432 941 5476; x_wconf 93' lang='lat' dir='ltr'><strong>ut</strong></span> <span class='ocrx_word' id='word_1_656' title='bbox 971 5436 1074 5476; x_wconf 90' lang='lat' dir='ltr'><strong>non</strong></span> <span class='ocrx_word' id='word_1_657' title='bbox 1103 5421 1212 5490; x_wconf 84' lang='lat' dir='ltr'><strong>jam</strong></span> <span class='ocrx_word' id='word_1_658' title='bbox 1245 5421 1490 5492; x_wconf 89' lang='lat' dir='ltr'><strong>angulum</strong></span> <span class='ocrx_word' id='word_1_659' title='bbox 1521 5429 1576 5476; x_wconf 91' lang='lat' dir='ltr'><strong>et</strong></span> <span class='ocrx_word' id='word_1_660' title='bbox 1606 5420 1861 5486; x_wconf 84' lang='lat' dir='ltr'><strong>latebras,</strong></span> <span class='ocrx_word' id='word_1_661' title='bbox 1887 5436 2074 5474; x_wconf 91' lang='lat' dir='ltr'><strong>verum</strong></span> 
     </span>
    </p>
   </div>
   <div class='ocr_carea' id='block_1_87' title="bbox 488 5511 2070 5583">
    <p class='ocr_par' dir='ltr' id='par_1_87' title="bbox 488 5511 2070 5583">
     <span class='ocr_line' id='line_1_87' title="bbox 488 5511 2070 5583; baseline -0.006 -10"><span class='ocrx_word' id='word_1_662' title='bbox 488 5515 872 5573; x_wconf 86' lang='lat' dir='ltr'><strong>candelabrum</strong></span> <span class='ocrx_word' id='word_1_663' title='bbox 907 5514 1078 5580; x_wconf 86' lang='lat' dir='ltr'><strong>potius</strong></span> <span class='ocrx_word' id='word_1_664' title='bbox 1107 5528 1168 5568; x_wconf 92' lang='lat' dir='ltr'><strong>ac</strong></span> <span class='ocrx_word' id='word_1_665' title='bbox 1194 5515 1467 5582; x_wconf 88' lang='lat' dir='ltr'><strong>speculum</strong></span> <span class='ocrx_word' id='word_1_666' title='bbox 1500 5511 1831 5566; x_wconf 87' lang='lat' dir='ltr'><strong>desideraret</strong></span> <span class='ocrx_word' id='word_1_667' title='bbox 1860 5511 2070 5583; x_wconf 80' lang='lat' dir='ltr'><strong>(Matth.</strong></span> 
     </span>
    </p>
   </div>
   <div class='ocr_carea' id='block_1_88' title="bbox 489 5601 2073 5678">
    <p class='ocr_par' dir='ltr' id='par_1_88' title="bbox 489 5601 2073 5678">
     <span class='ocr_line' id='line_1_88' title="bbox 489 5601 2073 5678; baseline -0.003 -17"><span class='ocrx_word' id='word_1_668' title='bbox 489 5607 547 5678; x_wconf 88' lang='lat' dir='ltr'><strong>v)</strong></span> <span class='ocrx_word' id='word_1_669' title='bbox 569 5648 581 5670; x_wconf 87' lang='lat'><strong>,</strong></span> <span class='ocrx_word' id='word_1_670' title='bbox 615 5621 720 5674; x_wconf 88' lang='lat' dir='ltr'><strong>quo</strong></span> <span class='ocrx_word' id='word_1_671' title='bbox 750 5603 1000 5658; x_wconf 86' lang='lat' dir='ltr'><strong>omnibus</strong></span> <span class='ocrx_word' id='word_1_672' title='bbox 1031 5603 1082 5656; x_wconf 90' lang='lat' dir='ltr'><strong>in</strong></span> <span class='ocrx_word' id='word_1_673' title='bbox 1112 5601 1392 5672; x_wconf 80' lang='lat' dir='ltr'><strong>perSpicuo</strong></span> <span class='ocrx_word' id='word_1_674' title='bbox 1419 5611 1597 5667; x_wconf 78' lang='lat' dir='ltr'><strong>esset,</strong></span> <span class='ocrx_word' id='word_1_675' title='bbox 1633 5602 1876 5656; x_wconf 83' lang='lat' dir='ltr'><strong>libertate</strong></span> <span class='ocrx_word' id='word_1_676' title='bbox 1906 5617 1967 5655; x_wconf 91' lang='lat' dir='ltr'><strong>ac</strong></span> <span class='ocrx_word' id='word_1_677' title='bbox 2014 5603 2073 5656; x_wconf 55' lang='lat' dir='ltr'><strong>liv</strong></span> 
     </span>
    </p>
   </div>
   <div class='ocr_carea' id='block_1_89' title="bbox 492 5692 1797 5767">
    <p class='ocr_par' dir='ltr' id='par_1_89' title="bbox 492 5692 1797 5767">
     <span class='ocr_line' id='line_1_89' title="bbox 492 5692 1797 5767; baseline -0.008 -11"><span class='ocrx_word' id='word_1_678' title='bbox 492 5699 646 5755; x_wconf 81' lang='lat' dir='ltr'><strong>ducia</strong></span> <span class='ocrx_word' id='word_1_679' title='bbox 677 5696 865 5767; x_wconf 80' lang='lat' dir='ltr'><strong>plenus</strong></span> <span class='ocrx_word' id='word_1_680' title='bbox 887 5730 901 5759; x_wconf 80' lang='lat'><em>.</em></span> <span class='ocrx_word' id='word_1_681' title='bbox 931 5693 995 5748; x_wconf 91' lang='lat' dir='ltr'><strong>ad</strong></span> <span class='ocrx_word' id='word_1_682' title='bbox 1027 5694 1168 5748; x_wconf 85' lang='lat' dir='ltr'><strong>hunc</strong></span> <span class='ocrx_word' id='word_1_683' title='bbox 1199 5692 1413 5747; x_wconf 89' lang='lat' dir='ltr'><strong>modum</strong></span> <span class='ocrx_word' id='word_1_684' title='bbox 1446 5692 1651 5746; x_wconf 86' lang='lat' dir='ltr'><strong>locutus</strong></span> <span class='ocrx_word' id='word_1_685' title='bbox 1679 5703 1759 5746; x_wconf 84' lang='lat' dir='ltr'><strong>est</strong></span> <span class='ocrx_word' id='word_1_686' title='bbox 1785 5712 1797 5745; x_wconf 88' lang='lat'><strong>:</strong></span> 
     </span>
    </p>
   </div>
   <div class='ocr_carea' id='block_1_90' title="bbox 560 5785 2071 5860">
    <p class='ocr_par' dir='ltr' id='par_1_90' title="bbox 560 5785 2071 5860">
     <span class='ocr_line' id='line_1_90' title="bbox 560 5785 2071 5860; baseline -0.001 -16"><span class='ocrx_word' id='word_1_687' title='bbox 560 5790 713 5860; x_wconf 75' lang='lat' dir='ltr'><strong>Quod</strong></span> <span class='ocrx_word' id='word_1_688' title='bbox 754 5801 782 5842; x_wconf 84' lang='grc' dir='ltr'><strong>ιι</strong></span> <span class='ocrx_word' id='word_1_689' title='bbox 823 5804 908 5844; x_wconf 82' lang='lat' dir='ltr'><strong>me</strong></span> <span class='ocrx_word' id='word_1_690' title='bbox 945 5786 1143 5844; x_wconf 84' lang='lat' dir='ltr'><strong>factum</strong></span> <span class='ocrx_word' id='word_1_691' title='bbox 1185 5794 1305 5851; x_wconf 87' lang='lat' dir='ltr'><strong>est,</strong></span> <span class='ocrx_word' id='word_1_692' title='bbox 1337 5800 1370 5839; x_wconf 91' lang='lat' dir='ltr'><strong>o</strong></span> <span class='ocrx_word' id='word_1_693' title='bbox 1419 5785 1582 5851; x_wconf 80' lang='lat' dir='ltr'><strong>here,</strong></span> <span class='ocrx_word' id='word_1_694' title='bbox 1631 5785 2071 5857; x_wconf 80' lang='lat' dir='ltr'><strong>haudquadqttant</strong></span> 
     </span>
    </p>
   </div>
   <div class='ocr_carea' id='block_1_91' title="bbox 2188 3318 3776 3388">
    <p class='ocr_par' dir='ltr' id='par_1_91' title="bbox 2188 3318 3776 3388">
     <span class='ocr_line' id='line_1_91' title="bbox 2188 3318 3776 3388; baseline 0.001 -14"><span class='ocrx_word' id='word_1_695' title='bbox 2188 3329 2326 3385; x_wconf 87' lang='lat' dir='ltr'><strong>teor,</strong></span> <span class='ocrx_word' id='word_1_696' title='bbox 2370 3318 2591 3374; x_wconf 88' lang='lat' dir='ltr'><strong>celebro</strong></span> <span class='ocrx_word' id='word_1_697' title='bbox 2629 3330 2791 3388; x_wconf 91' lang='lat' dir='ltr'><strong>atque</strong></span> <span class='ocrx_word' id='word_1_698' title='bbox 2837 3321 3041 3385; x_wconf 91' lang='lat' dir='ltr'><strong>adoro,</strong></span> <span class='ocrx_word' id='word_1_699' title='bbox 3087 3335 3250 3374; x_wconf 91' lang='lat' dir='ltr'><strong>unum</strong></span> <span class='ocrx_word' id='word_1_700' title='bbox 3299 3320 3462 3374; x_wconf 91' lang='lat' dir='ltr'><strong>Deum</strong></span> <span class='ocrx_word' id='word_1_701' title='bbox 3507 3321 3559 3373; x_wconf 93' lang='lat' dir='ltr'><strong>in</strong></span> <span class='ocrx_word' id='word_1_702' title='bbox 3599 3321 3776 3375; x_wconf 84' lang='lat' dir='ltr'><strong>tribus</strong></span> 
     </span>
    </p>
   </div>
   <div class='ocr_carea' id='block_1_92' title="bbox 2185 3409 3775 3480">
    <p class='ocr_par' dir='ltr' id='par_1_92' title="bbox 2185 3409 3775 3480">
     <span class='ocr_line' id='line_1_92' title="bbox 2185 3409 3775 3480; baseline -0.001 -15"><span class='ocrx_word' id='word_1_703' title='bbox 2185 3412 2462 3480; x_wconf 86' lang='lat' dir='ltr'><strong>personis,</strong></span> <span class='ocrx_word' id='word_1_704' title='bbox 2509 3410 3055 3476; x_wconf 83' lang='lat' dir='ltr'><strong>consubstantialem,</strong></span> <span class='ocrx_word' id='word_1_705' title='bbox 3104 3425 3168 3466; x_wconf 88' lang='lat' dir='ltr'><strong>ac</strong></span> <span class='ocrx_word' id='word_1_706' title='bbox 3207 3409 3540 3470; x_wconf 84' lang='lat' dir='ltr'><strong>confusionis</strong></span> <span class='ocrx_word' id='word_1_707' title='bbox 3581 3427 3775 3480; x_wconf 79' lang='lat' dir='ltr'><strong>exper-</strong></span> 
     </span>
    </p>
   </div>
   <div class='ocr_carea' id='block_1_93' title="bbox 2186 3502 3772 3573">
    <p class='ocr_par' dir='ltr' id='par_1_93' title="bbox 2186 3502 3772 3573">
     <span class='ocr_line' id='line_1_93' title="bbox 2186 3502 3772 3573; baseline 0 -17"><span class='ocrx_word' id='word_1_708' title='bbox 2186 3513 2326 3569; x_wconf 91' lang='lat' dir='ltr'><strong>tem,</strong></span> <span class='ocrx_word' id='word_1_709' title='bbox 2359 3504 2649 3557; x_wconf 89' lang='lat' dir='ltr'><strong>increatum</strong></span> <span class='ocrx_word' id='word_1_710' title='bbox 2671 3543 2686 3567; x_wconf 90' lang='lat'><strong>,</strong></span> <span class='ocrx_word' id='word_1_711' title='bbox 2720 3502 3079 3557; x_wconf 89' lang='lat' dir='ltr'><strong>immortalem</strong></span> <span class='ocrx_word' id='word_1_712' title='bbox 3101 3547 3116 3570; x_wconf 93' lang='lat'><strong>,</strong></span> <span class='ocrx_word' id='word_1_713' title='bbox 3145 3504 3528 3573; x_wconf 87' lang='lat' dir='ltr'><strong>sempiternum</strong></span> <span class='ocrx_word' id='word_1_714' title='bbox 3551 3544 3566 3567; x_wconf 92' lang='lat'><strong>,</strong></span> <span class='ocrx_word' id='word_1_715' title='bbox 3595 3503 3772 3557; x_wconf 79' lang='lat' dir='ltr'><strong>inlini-</strong></span> 
     </span>
    </p>
   </div>
   <div class='ocr_carea' id='block_1_94' title="bbox 2185 3596 3774 3667">
    <p class='ocr_par' dir='ltr' id='par_1_94' title="bbox 2185 3596 3774 3667">
     <span class='ocr_line' id='line_1_94' title="bbox 2185 3596 3774 3667; baseline 0.001 -17"><span class='ocrx_word' id='word_1_716' title='bbox 2185 3605 2332 3660; x_wconf 90' lang='lat' dir='ltr'><strong>tum,</strong></span> <span class='ocrx_word' id='word_1_717' title='bbox 2362 3597 2433 3651; x_wconf 90' lang='lat' dir='ltr'><strong>ab</strong></span> <span class='ocrx_word' id='word_1_718' title='bbox 2471 3597 2618 3652; x_wconf 88' lang='lat' dir='ltr'><strong>omni</strong></span> <span class='ocrx_word' id='word_1_719' title='bbox 2660 3596 3160 3664; x_wconf 89' lang='lat' dir='ltr'><strong>circumscriptione</strong></span> <span class='ocrx_word' id='word_1_720' title='bbox 3201 3605 3464 3653; x_wconf 86' lang='lat' dir='ltr'><strong>remotum</strong></span> <span class='ocrx_word' id='word_1_721' title='bbox 3487 3639 3503 3664; x_wconf 93' lang='lat'><strong>,</strong></span> <span class='ocrx_word' id='word_1_722' title='bbox 3543 3612 3774 3667; x_wconf 81' lang='lat' dir='ltr'><strong>corpore</strong></span> 
     </span>
    </p>
   </div>
   <div class='ocr_carea' id='block_1_95' title="bbox 2186 3688 3776 3758">
    <p class='ocr_par' dir='ltr' id='par_1_95' title="bbox 2186 3688 3776 3758">
     <span class='ocr_line' id='line_1_95' title="bbox 2186 3688 3776 3758; baseline 0.001 -16"><span class='ocrx_word' id='word_1_723' title='bbox 2186 3699 2467 3744; x_wconf 90' lang='lat' dir='ltr'><strong>vacantem</strong></span> <span class='ocrx_word' id='word_1_724' title='bbox 2494 3732 2509 3757; x_wconf 89' lang='lat'><strong>,</strong></span> <span class='ocrx_word' id='word_1_725' title='bbox 2562 3702 2591 3741; x_wconf 91' lang='lat' dir='ltr'><strong>a</strong></span> <span class='ocrx_word' id='word_1_726' title='bbox 2637 3688 3129 3757; x_wconf 89' lang='lat' dir='ltr'><strong>perturbationibus</strong></span> <span class='ocrx_word' id='word_1_727' title='bbox 3170 3699 3225 3743; x_wconf 93' lang='lat' dir='ltr'><strong>et</strong></span> <span class='ocrx_word' id='word_1_728' title='bbox 3274 3689 3572 3743; x_wconf 88' lang='lat' dir='ltr'><strong>mutatione</strong></span> <span class='ocrx_word' id='word_1_729' title='bbox 3612 3698 3776 3758; x_wconf 86' lang='lat' dir='ltr'><strong>atque</strong></span> 
     </span>
    </p>
   </div>
   <div class='ocr_carea' id='block_1_96' title="bbox 2186 3779 3774 3845">
    <p class='ocr_par' dir='ltr' id='par_1_96' title="bbox 2186 3779 3774 3845">
     <span class='ocr_line' id='line_1_96' title="bbox 2186 3779 3774 3845; baseline -0.001 -11"><span class='ocrx_word' id='word_1_730' title='bbox 2186 3779 2543 3834; x_wconf 77' lang='lat' dir='ltr'><strong>conversione</strong></span> <span class='ocrx_word' id='word_1_731' title='bbox 2571 3779 2806 3834; x_wconf 89' lang='lat' dir='ltr'><strong>alienum</strong></span> <span class='ocrx_word' id='word_1_732' title='bbox 2833 3819 2850 3845; x_wconf 93' lang='lat'><strong>,</strong></span> <span class='ocrx_word' id='word_1_733' title='bbox 2877 3779 3023 3833; x_wconf 92' lang='lat' dir='ltr'><strong>omni</strong></span> <span class='ocrx_word' id='word_1_734' title='bbox 3055 3780 3282 3834; x_wconf 90' lang='lat' dir='ltr'><strong>termino</strong></span> <span class='ocrx_word' id='word_1_735' title='bbox 3321 3789 3596 3835; x_wconf 88' lang='lat' dir='ltr'><strong>carentem</strong></span> <span class='ocrx_word' id='word_1_736' title='bbox 3615 3821 3630 3843; x_wconf 84' lang='lat'><strong>,</strong></span> <span class='ocrx_word' id='word_1_737' title='bbox 3673 3780 3774 3833; x_wconf 75' lang='lat' dir='ltr'><strong>ho~</strong></span> 
     </span>
    </p>
   </div>
   <div class='ocr_carea' id='block_1_97' title="bbox 2187 3871 3772 3942">
    <p class='ocr_par' dir='ltr' id='par_1_97' title="bbox 2187 3871 3772 3942">
     <span class='ocr_line' id='line_1_97' title="bbox 2187 3871 3772 3942; baseline -0.001 -14"><span class='ocrx_word' id='word_1_738' title='bbox 2187 3872 2369 3928; x_wconf 85' lang='lat' dir='ltr'><strong>uitatis</strong></span> <span class='ocrx_word' id='word_1_739' title='bbox 2392 3882 2446 3928; x_wconf 86' lang='lat' dir='ltr'><strong>et</strong></span> <span class='ocrx_word' id='word_1_740' title='bbox 2466 3871 2686 3942; x_wconf 79' lang='lat' dir='ltr'><strong>justitite</strong></span> <span class='ocrx_word' id='word_1_741' title='bbox 2711 3887 2774 3926; x_wconf 90' lang='lat' dir='ltr'><strong>ac</strong></span> <span class='ocrx_word' id='word_1_742' title='bbox 2800 3873 3142 3940; x_wconf 72' lang='lat' dir='ltr'><strong>sempiterna:</strong></span> <span class='ocrx_word' id='word_1_743' title='bbox 3173 3873 3308 3927; x_wconf 91' lang='lat' dir='ltr'><strong>lucis</strong></span> <span class='ocrx_word' id='word_1_744' title='bbox 3331 3873 3556 3932; x_wconf 80' lang='lat' dir='ltr'><strong>fontem,</strong></span> <span class='ocrx_word' id='word_1_745' title='bbox 3591 3887 3772 3926; x_wconf 90' lang='lat' dir='ltr'><strong>rerum</strong></span> 
     </span>
    </p>
   </div>
   <div class='ocr_carea' id='block_1_98' title="bbox 2187 3964 3772 4034">
    <p class='ocr_par' dir='ltr' id='par_1_98' title="bbox 2187 3964 3772 4034">
     <span class='ocr_line' id='line_1_98' title="bbox 2187 3964 3772 4034; baseline 0 -15"><span class='ocrx_word' id='word_1_746' title='bbox 2187 3966 2426 4019; x_wconf 92' lang='lat' dir='ltr'><strong>omnium</strong></span> <span class='ocrx_word' id='word_1_747' title='bbox 2458 3964 2831 4029; x_wconf 89' lang='lat' dir='ltr'><strong>conditarum,</strong></span> <span class='ocrx_word' id='word_1_748' title='bbox 2876 3973 2983 4018; x_wconf 90' lang='lat' dir='ltr'><strong>tam</strong></span> <span class='ocrx_word' id='word_1_749' title='bbox 3027 3980 3147 4033; x_wconf 64' lang='lat' dir='ltr'><strong>qua</strong></span> <span class='ocrx_word' id='word_1_750' title='bbox 3187 3965 3334 4019; x_wconf 91' lang='lat' dir='ltr'><strong>cerni</strong></span> <span class='ocrx_word' id='word_1_751' title='bbox 3361 3975 3585 4033; x_wconf 86' lang='lat' dir='ltr'><strong>possunt</strong></span> <span class='ocrx_word' id='word_1_752' title='bbox 3612 3980 3772 4034; x_wconf 85' lang='lat' dir='ltr'><strong>quam</strong></span> 
     </span>
    </p>
   </div>
   <div class='ocr_carea' id='block_1_99' title="bbox 2190 4059 3776 4132">
    <p class='ocr_par' dir='ltr' id='par_1_99' title="bbox 2190 4059 3776 4132">
     <span class='ocr_line' id='line_1_99' title="bbox 2190 4059 3776 4132; baseline -0.001 -22"><span class='ocrx_word' id='word_1_753' title='bbox 2190 4074 2310 4128; x_wconf 78' lang='lat' dir='ltr'><strong>qua:</strong></span> <span class='ocrx_word' id='word_1_754' title='bbox 2358 4059 2636 4114; x_wconf 90' lang='lat' dir='ltr'><strong>oculorum</strong></span> <span class='ocrx_word' id='word_1_755' title='bbox 2677 4074 2895 4114; x_wconf 87' lang='lat' dir='ltr'><strong>sensum</strong></span> <span class='ocrx_word' id='word_1_756' title='bbox 2932 4059 3182 4132; x_wconf 89' lang='lat' dir='ltr'><strong>fugiunt,</strong></span> <span class='ocrx_word' id='word_1_757' title='bbox 3223 4059 3568 4123; x_wconf 83' lang='lat' dir='ltr'><strong>effectorem,</strong></span> <span class='ocrx_word' id='word_1_758' title='bbox 3611 4068 3776 4126; x_wconf 85' lang='lat' dir='ltr'><strong>atque</strong></span> 
     </span>
    </p>
   </div>
   <div class='ocr_carea' id='block_1_100' title="bbox 2186 4149 3776 4217">
    <p class='ocr_par' dir='ltr' id='par_1_100' title="bbox 2186 4149 3776 4217">
     <span class='ocr_line' id='line_1_100' title="bbox 2186 4149 3776 4217; baseline -0.001 -15"><span class='ocrx_word' id='word_1_759' title='bbox 2186 4149 2364 4203; x_wconf 88' lang='lat' dir='ltr'><strong>omnia</strong></span> <span class='ocrx_word' id='word_1_760' title='bbox 2393 4151 2755 4205; x_wconf 88' lang='lat' dir='ltr'><strong>continentem</strong></span> <span class='ocrx_word' id='word_1_761' title='bbox 2797 4159 2851 4205; x_wconf 90' lang='lat' dir='ltr'><strong>et</strong></span> <span class='ocrx_word' id='word_1_762' title='bbox 2888 4161 3295 4205; x_wconf 87' lang='lat' dir='ltr'><strong>conscrvantem</strong></span> <span class='ocrx_word' id='word_1_763' title='bbox 3317 4191 3332 4214; x_wconf 87' lang='lat'><strong>,</strong></span> <span class='ocrx_word' id='word_1_764' title='bbox 3361 4150 3610 4203; x_wconf 86' lang='lat' dir='ltr'><strong>omnibus</strong></span> <span class='ocrx_word' id='word_1_765' title='bbox 3651 4162 3776 4217; x_wconf 90' lang='lat' dir='ltr'><strong>pro-</strong></span> 
     </span>
    </p>
   </div>
   <div class='ocr_carea' id='block_1_101' title="bbox 2187 4238 3777 4310">
    <p class='ocr_par' dir='ltr' id='par_1_101' title="bbox 2187 4238 3777 4310">
     <span class='ocr_line' id='line_1_101' title="bbox 2187 4238 3777 4310; baseline -0.001 -17"><span class='ocrx_word' id='word_1_766' title='bbox 2187 4238 2522 4308; x_wconf 70' lang='lat' dir='ltr'><strong>spicientem,</strong></span> <span class='ocrx_word' id='word_1_767' title='bbox 2550 4249 2710 4309; x_wconf 89' lang='lat' dir='ltr'><strong>atque</strong></span> <span class='ocrx_word' id='word_1_768' title='bbox 2739 4241 2789 4294; x_wconf 90' lang='lat' dir='ltr'><strong>in</strong></span> <span class='ocrx_word' id='word_1_769' title='bbox 2821 4243 2998 4295; x_wconf 85' lang='lat' dir='ltr'><strong>omnia</strong></span> <span class='ocrx_word' id='word_1_770' title='bbox 3033 4256 3254 4310; x_wconf 78' lang='lat' dir='ltr'><strong>regnum</strong></span> <span class='ocrx_word' id='word_1_771' title='bbox 3284 4251 3336 4295; x_wconf 93' lang='lat' dir='ltr'><strong>et</strong></span> <span class='ocrx_word' id='word_1_772' title='bbox 3367 4241 3648 4309; x_wconf 87' lang='lat' dir='ltr'><strong>imperium</strong></span> <span class='ocrx_word' id='word_1_773' title='bbox 3677 4239 3777 4292; x_wconf 82' lang='lat' dir='ltr'><strong>ob-</strong></span> 
     </span>
    </p>
   </div>
   <div class='ocr_carea' id='block_1_102' title="bbox 2190 4320 3774 4400">
    <p class='ocr_par' dir='ltr' id='par_1_102' title="bbox 2190 4320 3774 4400">
     <span class='ocr_line' id='line_1_102' title="bbox 2190 4320 3774 4400; baseline -0.001 -16"><span class='ocrx_word' id='word_1_774' title='bbox 2190 4331 2472 4386; x_wconf 90' lang='lat' dir='ltr'><strong>tinentem.</strong></span> <span class='ocrx_word' id='word_1_775' title='bbox 2496 4320 2704 4400; x_wconf 46' lang='lat' dir='ltr'><strong>&#39;Neque</strong></span> <span class='ocrx_word' id='word_1_776' title='bbox 2744 4333 2886 4385; x_wconf 90' lang='lat' dir='ltr'><strong>enim</strong></span> <span class='ocrx_word' id='word_1_777' title='bbox 2927 4333 3046 4387; x_wconf 88' lang='lat' dir='ltr'><strong>sine</strong></span> <span class='ocrx_word' id='word_1_778' title='bbox 3083 4332 3202 4400; x_wconf 91' lang='lat' dir='ltr'><strong>ipso</strong></span> <span class='ocrx_word' id='word_1_779' title='bbox 3230 4346 3316 4386; x_wconf 90' lang='lat' dir='ltr'><strong>res</strong></span> <span class='ocrx_word' id='word_1_780' title='bbox 3342 4330 3444 4384; x_wconf 86' lang='lat' dir='ltr'><strong>ulla</strong></span> <span class='ocrx_word' id='word_1_781' title='bbox 3481 4330 3616 4383; x_wconf 89' lang='lat' dir='ltr'><strong>facta</strong></span> <span class='ocrx_word' id='word_1_782' title='bbox 3646 4339 3729 4383; x_wconf 89' lang='lat' dir='ltr'><strong>est</strong></span> <span class='ocrx_word' id='word_1_783' title='bbox 3754 4369 3774 4396; x_wconf 90' lang='lat'><strong>,</strong></span> 
     </span>
    </p>
   </div>
   <div class='ocr_carea' id='block_1_103' title="bbox 2189 4420 3776 4490">
    <p class='ocr_par' dir='ltr' id='par_1_103' title="bbox 2189 4420 3776 4490">
     <span class='ocr_line' id='line_1_103' title="bbox 2189 4420 3776 4490; baseline -0.001 -14"><span class='ocrx_word' id='word_1_784' title='bbox 2189 4437 2290 4476; x_wconf 90' lang='lat' dir='ltr'><strong>nec</strong></span> <span class='ocrx_word' id='word_1_785' title='bbox 2340 4421 2459 4474; x_wconf 89' lang='lat' dir='ltr'><strong>sine</strong></span> <span class='ocrx_word' id='word_1_786' title='bbox 2505 4420 2674 4487; x_wconf 90' lang='lat' dir='ltr'><strong>ipsius</strong></span> <span class='ocrx_word' id='word_1_787' title='bbox 2723 4421 3057 4489; x_wconf 90' lang='lat' dir='ltr'><strong>providentia</strong></span> <span class='ocrx_word' id='word_1_788' title='bbox 3105 4421 3394 4490; x_wconf 89' lang='lat' dir='ltr'><strong>quidquam</strong></span> <span class='ocrx_word' id='word_1_789' title='bbox 3441 4420 3660 4474; x_wconf 85' lang='lat' dir='ltr'><strong>conflari</strong></span> <span class='ocrx_word' id='word_1_790' title='bbox 3707 4434 3776 4474; x_wconf 91' lang='lat' dir='ltr'><strong>ac</strong></span> 
     </span>
    </p>
   </div>
   <div class='ocr_carea' id='block_1_104' title="bbox 2191 4509 3771 4581">
    <p class='ocr_par' dir='ltr' id='par_1_104' title="bbox 2191 4509 3771 4581">
     <span class='ocr_line' id='line_1_104' title="bbox 2191 4509 3771 4581; baseline -0.005 -14"><span class='ocrx_word' id='word_1_791' title='bbox 2191 4512 2486 4567; x_wconf 87' lang='lat' dir='ltr'><strong>consistere</strong></span> <span class='ocrx_word' id='word_1_792' title='bbox 2515 4520 2715 4580; x_wconf 89' lang='lat' dir='ltr'><strong>potest.</strong></span> <span class='ocrx_word' id='word_1_793' title='bbox 2762 4511 2876 4579; x_wconf 81' lang='lat' dir='ltr'><strong>ipse</strong></span> <span class='ocrx_word' id='word_1_794' title='bbox 2906 4511 3172 4581; x_wconf 87' lang='lat' dir='ltr'><strong>siquidem</strong></span> <span class='ocrx_word' id='word_1_795' title='bbox 3213 4521 3293 4565; x_wconf 88' lang='lat' dir='ltr'><strong>est</strong></span> <span class='ocrx_word' id='word_1_796' title='bbox 3337 4509 3575 4565; x_wconf 90' lang='lat' dir='ltr'><strong>omnium</strong></span> <span class='ocrx_word' id='word_1_797' title='bbox 3621 4511 3725 4562; x_wconf 86' lang='lat' dir='ltr'><strong>vita</strong></span> <span class='ocrx_word' id='word_1_798' title='bbox 3753 4548 3771 4569; x_wconf 85' lang='lat'><strong><em>.</em></strong></span> 
     </span>
    </p>
   </div>
   <div class='ocr_carea' id='block_1_105' title="bbox 2111 4591 3776 4670">
    <p class='ocr_par' dir='ltr' id='par_1_105' title="bbox 2111 4591 3776 4670">
     <span class='ocr_line' id='line_1_105' title="bbox 2111 4591 3776 4670; baseline -0.003 -15"><span class='ocrx_word' id='word_1_799' title='bbox 2111 4591 2428 4657; x_wconf 87' lang='lat' dir='ltr'><strong>Domnium</strong></span> <span class='ocrx_word' id='word_1_800' title='bbox 2477 4601 2895 4670; x_wconf 84' lang='lat' dir='ltr'><strong>coagmentatio,</strong></span> <span class='ocrx_word' id='word_1_801' title='bbox 2945 4601 3182 4654; x_wconf 91' lang='lat' dir='ltr'><strong>omnium</strong></span> <span class='ocrx_word' id='word_1_802' title='bbox 3234 4599 3582 4664; x_wconf 87' lang='lat' dir='ltr'><strong>illuminatio,</strong></span> <span class='ocrx_word' id='word_1_803' title='bbox 3630 4606 3776 4650; x_wconf 68' lang='lat' dir='ltr'><strong>totus</strong></span> 
     </span>
    </p>
   </div>
   <div class='ocr_carea' id='block_1_106' title="bbox 2187 4690 3776 4763">
    <p class='ocr_par' dir='ltr' id='par_1_106' title="bbox 2187 4690 3776 4763">
     <span class='ocr_line' id='line_1_106' title="bbox 2187 4690 3776 4763; baseline -0.004 -13"><span class='ocrx_word' id='word_1_804' title='bbox 2187 4696 2438 4763; x_wconf 89' lang='lat' dir='ltr'><strong>dulcedo,</strong></span> <span class='ocrx_word' id='word_1_805' title='bbox 2509 4709 2573 4748; x_wconf 91' lang='lat' dir='ltr'><strong>ac</strong></span> <span class='ocrx_word' id='word_1_806' title='bbox 2635 4702 2780 4748; x_wconf 83' lang='lat' dir='ltr'><strong>toms</strong></span> <span class='ocrx_word' id='word_1_807' title='bbox 2811 4693 2928 4748; x_wconf 90' lang='lat' dir='ltr'><strong>sine</strong></span> <span class='ocrx_word' id='word_1_808' title='bbox 2960 4694 3064 4748; x_wconf 91' lang='lat' dir='ltr'><strong>ulla</strong></span> <span class='ocrx_word' id='word_1_809' title='bbox 3095 4693 3375 4746; x_wconf 85' lang='lat' dir='ltr'><strong>saturitate</strong></span> <span class='ocrx_word' id='word_1_810' title='bbox 3401 4690 3776 4744; x_wconf 80' lang='lat' dir='ltr'><strong>desiderabilia</strong></span> 
     </span>
    </p>
   </div>
   <div class='ocr_carea' id='block_1_107' title="bbox 2187 4781 3775 4856">
    <p class='ocr_par' dir='ltr' id='par_1_107' title="bbox 2187 4781 3775 4856">
     <span class='ocr_line' id='line_1_107' title="bbox 2187 4781 3775 4856; baseline -0.006 -15"><span class='ocrx_word' id='word_1_811' title='bbox 2187 4787 2379 4856; x_wconf 82' lang='lat' dir='ltr'><strong>(Cant.</strong></span> <span class='ocrx_word' id='word_1_812' title='bbox 2411 4800 2445 4838; x_wconf 93' lang='lat' dir='ltr'><strong>v</strong></span> <span class='ocrx_word' id='word_1_813' title='bbox 2475 4785 2528 4855; x_wconf 94' lang='lat'><strong>),</strong></span> <span class='ocrx_word' id='word_1_814' title='bbox 2562 4787 2907 4853; x_wconf 88' lang='lat' dir='ltr'><strong>omniumque</strong></span> <span class='ocrx_word' id='word_1_815' title='bbox 2936 4799 3116 4838; x_wconf 90' lang='lat' dir='ltr'><strong>rerum</strong></span> <span class='ocrx_word' id='word_1_816' title='bbox 3159 4781 3581 4853; x_wconf 84' lang='lat' dir='ltr'><strong>expetendarum</strong></span> <span class='ocrx_word' id='word_1_817' title='bbox 3627 4794 3775 4833; x_wconf 86' lang='lat' dir='ltr'><strong>sum-</strong></span> 
     </span>
    </p>
   </div>
   <div class='ocr_carea' id='block_1_108' title="bbox 2185 4871 3774 4943">
    <p class='ocr_par' dir='ltr' id='par_1_108' title="bbox 2185 4871 3774 4943">
     <span class='ocr_line' id='line_1_108' title="bbox 2185 4871 3774 4943; baseline -0.006 -11"><span class='ocrx_word' id='word_1_818' title='bbox 2185 4893 2304 4932; x_wconf 90' lang='lat' dir='ltr'><strong>mus</strong></span> <span class='ocrx_word' id='word_1_819' title='bbox 2334 4885 2543 4932; x_wconf 84' lang='lat' dir='ltr'><strong>vertex.</strong></span> <span class='ocrx_word' id='word_1_820' title='bbox 2573 4875 2836 4942; x_wconf 86' lang='lat' dir='ltr'><strong>Quocirca</strong></span> <span class='ocrx_word' id='word_1_821' title='bbox 2867 4875 3032 4928; x_wconf 63' lang='lat' dir='ltr'><strong>Deum</strong></span> <span class='ocrx_word' id='word_1_822' title='bbox 3065 4873 3208 4927; x_wconf 89' lang='lat' dir='ltr'><strong>hunc</strong></span> <span class='ocrx_word' id='word_1_823' title='bbox 3232 4914 3249 4940; x_wconf 93' lang='lat'><strong>,</strong></span> <span class='ocrx_word' id='word_1_824' title='bbox 3279 4873 3404 4943; x_wconf 90' lang='lat' dir='ltr'><strong>quia</strong></span> <span class='ocrx_word' id='word_1_825' title='bbox 3437 4881 3582 4926; x_wconf 90' lang='lat' dir='ltr'><strong>tanta</strong></span> <span class='ocrx_word' id='word_1_826' title='bbox 3613 4871 3774 4926; x_wconf 85' lang='lat' dir='ltr'><strong>boni-</strong></span> 
     </span>
    </p>
   </div>
   <div class='ocr_carea' id='block_1_109' title="bbox 2184 4962 3778 5035">
    <p class='ocr_par' dir='ltr' id='par_1_109' title="bbox 2184 4962 3778 5035">
     <span class='ocr_line' id='line_1_109' title="bbox 2184 4962 3778 5035; baseline -0.006 -12"><span class='ocrx_word' id='word_1_827' title='bbox 2184 4978 2292 5023; x_wconf 89' lang='lat' dir='ltr'><strong>tate</strong></span> <span class='ocrx_word' id='word_1_828' title='bbox 2321 4981 2384 5022; x_wconf 87' lang='lat' dir='ltr'><strong>ac</strong></span> <span class='ocrx_word' id='word_1_829' title='bbox 2413 4967 2644 5035; x_wconf 88' lang='lat' dir='ltr'><strong>potentia</strong></span> <span class='ocrx_word' id='word_1_830' title='bbox 2677 4965 2927 5032; x_wconf 82' lang='lat' dir='ltr'><strong>praeditus</strong></span> <span class='ocrx_word' id='word_1_831' title='bbox 2955 4973 3064 5028; x_wconf 90' lang='lat' dir='ltr'><strong>est,</strong></span> <span class='ocrx_word' id='word_1_832' title='bbox 3111 4963 3444 5031; x_wconf 84' lang='lat' dir='ltr'><strong>relinquere,</strong></span> <span class='ocrx_word' id='word_1_833' title='bbox 3477 4975 3640 5030; x_wconf 87' lang='lat' dir='ltr'><strong>atque</strong></span> <span class='ocrx_word' id='word_1_834' title='bbox 3672 4962 3778 5016; x_wconf 86' lang='lat' dir='ltr'><strong>im-</strong></span> 
     </span>
    </p>
   </div>
   <div class='ocr_carea' id='block_1_110' title="bbox 2184 5054 3776 5128">
    <p class='ocr_par' dir='ltr' id='par_1_110' title="bbox 2184 5054 3776 5128">
     <span class='ocr_line' id='line_1_110' title="bbox 2184 5054 3776 5128; baseline -0.005 -16"><span class='ocrx_word' id='word_1_835' title='bbox 2184 5075 2345 5128; x_wconf 90' lang='lat' dir='ltr'><strong>puros</strong></span> <span class='ocrx_word' id='word_1_836' title='bbox 2374 5059 2648 5113; x_wconf 66' lang='lat' dir='ltr'><strong>daemones</strong></span> <span class='ocrx_word' id='word_1_837' title='bbox 2674 5055 3027 5126; x_wconf 89' lang='lat' dir='ltr'><strong>vitiorumque</strong></span> <span class='ocrx_word' id='word_1_838' title='bbox 3056 5055 3296 5110; x_wconf 91' lang='lat' dir='ltr'><strong>omnium</strong></span> <span class='ocrx_word' id='word_1_839' title='bbox 3326 5054 3652 5109; x_wconf 89' lang='lat' dir='ltr'><strong>architectos</strong></span> <span class='ocrx_word' id='word_1_840' title='bbox 3681 5067 3776 5106; x_wconf 85' lang='lat' dir='ltr'><strong>co-</strong></span> 
     </span>
    </p>
   </div>
   <div class='ocr_carea' id='block_1_111' title="bbox 2183 5144 3778 5214">
    <p class='ocr_par' dir='ltr' id='par_1_111' title="bbox 2183 5144 3778 5214">
     <span class='ocr_line' id='line_1_111' title="bbox 2183 5144 3778 5214; baseline -0.004 -10"><span class='ocrx_word' id='word_1_841' title='bbox 2183 5152 2330 5214; x_wconf 90' lang='lat' dir='ltr'><strong>lere,</strong></span> <span class='ocrx_word' id='word_1_842' title='bbox 2377 5149 2658 5214; x_wconf 86' lang='lat' dir='ltr'><strong>surdisque</strong></span> <span class='ocrx_word' id='word_1_843' title='bbox 2698 5163 2761 5201; x_wconf 88' lang='lat' dir='ltr'><strong>ac</strong></span> <span class='ocrx_word' id='word_1_844' title='bbox 2802 5148 2965 5200; x_wconf 88' lang='lat' dir='ltr'><strong>mutis</strong></span> <span class='ocrx_word' id='word_1_845' title='bbox 3007 5147 3230 5210; x_wconf 90' lang='lat' dir='ltr'><strong>statuis,</strong></span> <span class='ocrx_word' id='word_1_846' title='bbox 3274 5162 3392 5214; x_wconf 70' lang='lat' dir='ltr'><strong>qua:</strong></span> <span class='ocrx_word' id='word_1_847' title='bbox 3432 5160 3532 5199; x_wconf 89' lang='lat' dir='ltr'><strong>nec</strong></span> <span class='ocrx_word' id='word_1_848' title='bbox 3571 5144 3778 5213; x_wconf 83' lang='lat' dir='ltr'><strong>aliquid</strong></span> 
     </span>
    </p>
   </div>
   <div class='ocr_carea' id='block_1_112' title="bbox 2183 5235 3774 5304">
    <p class='ocr_par' dir='ltr' id='par_1_112' title="bbox 2183 5235 3774 5304">
     <span class='ocr_line' id='line_1_112' title="bbox 2183 5235 3774 5304; baseline -0.004 -8"><span class='ocrx_word' id='word_1_849' title='bbox 2183 5249 2310 5296; x_wconf 89' lang='lat' dir='ltr'><strong>sunt</strong></span> <span class='ocrx_word' id='word_1_850' title='bbox 2350 5255 2450 5295; x_wconf 83' lang='lat' dir='ltr'><strong>nec</strong></span> <span class='ocrx_word' id='word_1_851' title='bbox 2491 5249 2677 5304; x_wconf 89' lang='lat' dir='ltr'><strong>erunt,</strong></span> <span class='ocrx_word' id='word_1_852' title='bbox 2722 5239 2922 5291; x_wconf 89' lang='lat' dir='ltr'><strong>cultum</strong></span> <span class='ocrx_word' id='word_1_853' title='bbox 2954 5254 3016 5290; x_wconf 89' lang='lat' dir='ltr'><strong>ac</strong></span> <span class='ocrx_word' id='word_1_854' title='bbox 3045 5240 3445 5292; x_wconf 83' lang='lat' dir='ltr'><strong>venerationem</strong></span> <span class='ocrx_word' id='word_1_855' title='bbox 3490 5235 3729 5290; x_wconf 86' lang='lat' dir='ltr'><strong>tribuere</strong></span> <span class='ocrx_word' id='word_1_856' title='bbox 3756 5274 3774 5299; x_wconf 86' lang='lat'><strong>.</strong></span> 
     </span>
    </p>
   </div>
   <div class='ocr_carea' id='block_1_113' title="bbox 2184 5326 3777 5402">
    <p class='ocr_par' dir='ltr' id='par_1_113' title="bbox 2184 5326 3777 5402">
     <span class='ocr_line' id='line_1_113' title="bbox 2184 5326 3777 5402; baseline -0.007 -14"><span class='ocrx_word' id='word_1_857' title='bbox 2184 5333 2338 5402; x_wconf 81' lang='lat' dir='ltr'><strong>Cujus</strong></span> <span class='ocrx_word' id='word_1_858' title='bbox 2369 5331 2612 5391; x_wconf 85' lang='lat' dir='ltr'><strong>tandem.</strong></span> <span class='ocrx_word' id='word_1_859' title='bbox 2644 5344 2676 5383; x_wconf 92' lang='grc' dir='ltr'>ο</span> <span class='ocrx_word' id='word_1_860' title='bbox 2701 5339 2866 5398; x_wconf 86' lang='lat' dir='ltr'><strong>pater,</strong></span> <span class='ocrx_word' id='word_1_861' title='bbox 2899 5329 3138 5383; x_wconf 77' lang='lat' dir='ltr'><strong>stultitiae</strong></span> <span class='ocrx_word' id='word_1_862' title='bbox 3168 5343 3230 5382; x_wconf 87' lang='lat' dir='ltr'><strong>ac</strong></span> <span class='ocrx_word' id='word_1_863' title='bbox 3256 5328 3543 5382; x_wconf 62' lang='lat' dir='ltr'><strong>dementia:</strong></span> <span class='ocrx_word' id='word_1_864' title='bbox 3575 5326 3777 5379; x_wconf 83' lang='lat' dir='ltr'><strong>fuerit?</strong></span> 
     </span>
    </p>
   </div>
   <div class='ocr_carea' id='block_1_114' title="bbox 2186 5414 3779 5494">
    <p class='ocr_par' dir='ltr' id='par_1_114' title="bbox 2186 5414 3779 5494">
     <span class='ocr_line' id='line_1_114' title="bbox 2186 5414 3779 5494; baseline -0.007 -15"><span class='ocrx_word' id='word_1_865' title='bbox 2186 5422 2476 5494; x_wconf 81' lang='lat' dir='ltr'><strong>Ecquaudo</strong></span> <span class='ocrx_word' id='word_1_866' title='bbox 2511 5421 2654 5475; x_wconf 90' lang='lat' dir='ltr'><strong>enim</strong></span> <span class='ocrx_word' id='word_1_867' title='bbox 2699 5432 2798 5473; x_wconf 81' lang='lat' dir='ltr'><strong>vox</strong></span> <span class='ocrx_word' id='word_1_868' title='bbox 2841 5418 2907 5470; x_wconf 92' lang='lat' dir='ltr'><strong>ab</strong></span> <span class='ocrx_word' id='word_1_869' title='bbox 2949 5418 3079 5486; x_wconf 89' lang='lat' dir='ltr'><strong>ipsis</strong></span> <span class='ocrx_word' id='word_1_870' title='bbox 3116 5418 3297 5472; x_wconf 88' lang='lat' dir='ltr'><strong>audita</strong></span> <span class='ocrx_word' id='word_1_871' title='bbox 3326 5417 3451 5472; x_wconf 79' lang='lat' dir='ltr'><strong>est?</strong></span> <span class='ocrx_word' id='word_1_872' title='bbox 3481 5414 3779 5484; x_wconf 85' lang='lat' dir='ltr'><strong>Ecqnando</strong></span> 
     </span>
    </p>
   </div>
   <div class='ocr_carea' id='block_1_115' title="bbox 2185 5506 3775 5582">
    <p class='ocr_par' dir='ltr' id='par_1_115' title="bbox 2185 5506 3775 5582">
     <span class='ocr_line' id='line_1_115' title="bbox 2185 5506 3775 5582; baseline -0.006 -17"><span class='ocrx_word' id='word_1_873' title='bbox 2185 5517 2266 5569; x_wconf 88' lang='lat' dir='ltr'><strong>vel</strong></span> <span class='ocrx_word' id='word_1_874' title='bbox 2310 5513 2558 5582; x_wconf 78' lang='lat' dir='ltr'><strong>exiguum</strong></span> <span class='ocrx_word' id='word_1_875' title='bbox 2603 5511 2702 5574; x_wconf 88' lang='lat' dir='ltr'><strong>iis,</strong></span> <span class='ocrx_word' id='word_1_876' title='bbox 2747 5508 2835 5575; x_wconf 83' lang='lat' dir='ltr'><strong>qui</strong></span> <span class='ocrx_word' id='word_1_877' title='bbox 2878 5521 3064 5575; x_wconf 83' lang='lat' dir='ltr'><strong>preces</strong></span> <span class='ocrx_word' id='word_1_878' title='bbox 3104 5507 3174 5561; x_wconf 89' lang='lat' dir='ltr'><strong>ad</strong></span> <span class='ocrx_word' id='word_1_879' title='bbox 3215 5509 3361 5576; x_wconf 89' lang='lat' dir='ltr'><strong>ipsos</strong></span> <span class='ocrx_word' id='word_1_880' title='bbox 3400 5506 3775 5570; x_wconf 76' lang='lat' dir='ltr'><strong>adhibebant,</strong></span> 
     </span>
    </p>
   </div>
   <div class='ocr_carea' id='block_1_116' title="bbox 2185 5595 3777 5671">
    <p class='ocr_par' dir='ltr' id='par_1_116' title="bbox 2185 5595 3777 5671">
     <span class='ocr_line' id='line_1_116' title="bbox 2185 5595 3777 5671; baseline -0.006 -14"><span class='ocrx_word' id='word_1_881' title='bbox 2185 5605 2480 5660; x_wconf 77' lang='lat' dir='ltr'><strong>dederunt?</strong></span> <span class='ocrx_word' id='word_1_882' title='bbox 2514 5597 2804 5671; x_wconf 86' lang='lat' dir='ltr'><strong>Ecquando</strong></span> <span class='ocrx_word' id='word_1_883' title='bbox 2832 5597 3206 5664; x_wconf 87' lang='lat' dir='ltr'><strong>ambularunt,</strong></span> <span class='ocrx_word' id='word_1_884' title='bbox 3239 5608 3331 5650; x_wconf 90' lang='lat' dir='ltr'><strong>aut</strong></span> <span class='ocrx_word' id='word_1_885' title='bbox 3354 5611 3570 5652; x_wconf 83' lang='lat' dir='ltr'><strong>sensmn</strong></span> <span class='ocrx_word' id='word_1_886' title='bbox 3602 5595 3777 5649; x_wconf 79' lang='lat' dir='ltr'><strong>ullum</strong></span> 
     </span>
    </p>
   </div>
   <div class='ocr_carea' id='block_1_117' title="bbox 2185 5687 3774 5766">
    <p class='ocr_par' dir='ltr' id='par_1_117' title="bbox 2185 5687 3774 5766">
     <span class='ocr_line' id='line_1_117' title="bbox 2185 5687 3774 5766; baseline -0.009 -14"><span class='ocrx_word' id='word_1_887' title='bbox 2185 5695 2546 5766; x_wconf 75' lang='lat' dir='ltr'><strong>acceperunt?</strong></span> <span class='ocrx_word' id='word_1_888' title='bbox 2573 5692 2704 5748; x_wconf 82' lang='lat' dir='ltr'><strong>Nam</strong></span> <span class='ocrx_word' id='word_1_889' title='bbox 2737 5704 2908 5758; x_wconf 87' lang='lat' dir='ltr'><strong>neque</strong></span> <span class='ocrx_word' id='word_1_890' title='bbox 2941 5689 2994 5745; x_wconf 91' lang='lat' dir='ltr'><strong>hi</strong></span> <span class='ocrx_word' id='word_1_891' title='bbox 3025 5689 3112 5760; x_wconf 87' lang='lat' dir='ltr'><strong>qui</strong></span> <span class='ocrx_word' id='word_1_892' title='bbox 3143 5687 3357 5742; x_wconf 87' lang='lat' dir='ltr'><strong>stabant</strong></span> <span class='ocrx_word' id='word_1_893' title='bbox 3383 5687 3646 5743; x_wconf 79' lang='lat' dir='ltr'><strong>sessionis</strong></span> <span class='ocrx_word' id='word_1_894' title='bbox 3675 5702 3774 5738; x_wconf 85' lang='lat' dir='ltr'><strong>un-</strong></span> 
     </span>
    </p>
   </div>
   <div class='ocr_carea' id='block_1_118' title="bbox 2181 5779 3774 5855">
    <p class='ocr_par' dir='ltr' id='par_1_118' title="bbox 2181 5779 3774 5855">
     <span class='ocr_line' id='line_1_118' title="bbox 2181 5779 3774 5855; baseline -0.007 -12"><span class='ocrx_word' id='word_1_895' title='bbox 2181 5804 2340 5855; x_wconf 81' lang='lat' dir='ltr'><strong>quam</strong></span> <span class='ocrx_word' id='word_1_896' title='bbox 2366 5786 2747 5852; x_wconf 76' lang='lat' dir='ltr'><strong>meminerunt,</strong></span> <span class='ocrx_word' id='word_1_897' title='bbox 2777 5796 2872 5839; x_wconf 88' lang='lat' dir='ltr'><strong>nec</strong></span> <span class='ocrx_word' id='word_1_898' title='bbox 2894 5782 2980 5851; x_wconf 85' lang='lat' dir='ltr'><strong>qui</strong></span> <span class='ocrx_word' id='word_1_899' title='bbox 3013 5779 3274 5836; x_wconf 82' lang='lat' dir='ltr'><strong>sedebant</strong></span> <span class='ocrx_word' id='word_1_900' title='bbox 3302 5788 3508 5836; x_wconf 85' lang='lat' dir='ltr'><strong>stantes</strong></span> <span class='ocrx_word' id='word_1_901' title='bbox 3533 5793 3774 5849; x_wconf 83' lang='lat' dir='ltr'><strong>unquam</strong></span> 
     </span>
    </p>
   </div>
  </div>
