4010 6292
367 383 465 445 537

792 386 956 443 VITA
993 382 1407 445 SANCTORUM
1449 385 1779 444 BARLAAM
1820 385 2150 443 EREMlTrE
2193 388 2280 443 ET
2316 388 2664 444 JOSAl’lIAT
2710 391 2919 447 mum
2960 393 3182 453 REGIS.

3514 401 3620 460 538

364 503 617 558 visisunt.
639 502 834 558 Horum
849 504 1226 574 turpitudinem
1245 519 1308 560 ac
1329 504 1555 560 fetorem
1569 515 1628 561 et
1646 515 1939 574 stuporem.
1971 503 2020 562 Α
2047 505 2175 558 est?
2223 507 2330 559 Aut
2380 522 2609 575 quonam
2659 509 2820 562 modo
2866 519 3017 578 pater
3061 512 3185 577 ille,
3219 527 3282 569 ac
3308 529 3413 570 non
3446 519 3622 585 potius

359 603 522 662 atque
555 596 718 648 etiam
749 596 1051 651 daemonum
1082 597 1135 650 in
1163 596 1294 664 ipsis
1323 597 1664 664 cperantiutn
1686 635 1701 662 ,
1743 610 1805 650 ac
1848 611 1943 664 per

359 683 506 754 ipsos
537 684 886 750 impostnram
919 686 1070 740 vobis
1101 686 1442 751 facientium,
1473 687 1832 740 infirmitatem
1859 695 1937 739 at-

359 790 464 845 que
491 775 912 829 imbecillitatem
937 817 952 840 ,
977 791 1099 830 cum
1127 792 1156 829 a
1185 777 1300 830 viro
1325 785 1510 831 sancto
1536 775 1939 836 intellexissent.

358 882 658 935 eorumque
683 868 1077 936 improbitatem
1107 869 1413 938 rejecissetn
1434 909 1450 934 ,
1474 884 1535 923 ac
1562 865 1793 938 perfecto
1819 869 1941 922 odio

356 961 650 1016 insectatus
680 960 930 1027 fuissem,
973 965 1038 1017 ad
1087 964 1251 1017 Deum
1298 965 1473 1017 vivum
1529 979 1592 1018 ac
1640 979 1821 1018 verum
1856 980 1941 1019 me

353 1051 609 1121 adjunxi,
651 1052 855 1122 ipsique
909 1055 974 1106 ad
1001 1063 1297 1108 extremum
1326 1069 1493 1121 usque
1525 1053 1648 1106 vitae
1696 1055 1937 1122 spiritum

354 1144 590 1197 serviam
615 1183 629 1209 ,
675 1160 780 1214 quo
820 1148 981 1198 etiam
1027 1145 1080 1201 in
1123 1146 1287 1216 ipsius
1329 1160 1518 1200 manus
1544 1145 1762 1214 spiritus
1790 1161 1940 1201 meus

354 1235 554 1289 νειιίτιι.

431 1326 566 1381 Cum
618 1328 779 1397 igitur
823 1337 968 1384 tanta
1014 1331 1187 1394 bona,
1237 1347 1462 1400 qumque
1506 1331 1646 1386 nulla
1698 1333 1938 1387 oratione

353 1417 613 1486 explicari
646 1420 884 1486 possint,
918 1420 1045 1474 mihi
1077 1422 1470 1486 occurrissent,
1503 1423 1791 1490 gaudebam
1821 1425 1936 1491 qui-

356 1509 483 1564 dem
515 1525 600 1564 me
628 1511 991 1579 improborum
1019 1512 1317 1567 dzemmtum
1344 1515 1598 1569 servitute
1623 1515 1899 1570 liberatum
1920 1555 1935 1578 ,

352 1612 516 1668 atque
543 1601 612 1654 ab
641 1601 906 1656 horrenda
954 1604 1262 1672 captivitate
1302 1614 1608 1659 revocatum
1627 1646 1642 1670 ,
1672 1621 1734 1659 ac
1759 1605 1937 1661 Domi-

352 1691 464 1746 nici
494 1693 672 1746 vultus
705 1693 908 1749 lumine
937 1695 955 1764 (
982 1693 1133 1749 Psal.
1166 1712 1215 1750 tv
1244 1696 1261 1765 )
1290 1698 1652 1751 collustratum
1682 1713 1838 1753 esse:
1872 1700 1935 1753 il-

356 1782 449 1837 iud
477 1793 655 1840 autem
687 1801 775 1841 me
804 1787 1064 1854 angebat,
1093 1788 1434 1859 animumque
1462 1806 1636 1844 meum
1667 1791 1932 1846 di~trahe-

2049 595 2214 650 hostis
2244 599 2404 668 299
2429 599 2694 655 vocandus
2720 601 2823 657 sit?
2844 601 3100 668 Quocirca
3125 618 3225 658 nec
3249 619 3350 673 ego
3403 609 3622 676 posthac

2049 695 2099 741 te
2132 697 2337 755 patrem
2367 691 2673 759 appellabo,
2701 708 2884 747 verum
2915 708 2944 747 a
2974 702 3025 748 te
3053 695 3369 762 abscedam,
3397 714 3502 752 non
3530 715 3618 754 se-

2043 793 2139 832 cus
2167 788 2328 849 atque
2360 783 2404 835 is
2433 783 2523 851 qui
2555 793 2859 850 serpentem
2889 783 3018 852 fugit
3043 802 3056 837 :
3091 785 3351 855 siquidem
3382 797 3433 841 te
3461 788 3620 842 saluti

2045 885 2178 924 mea:
2221 873 2494 937 invidere,
2529 888 2721 942 meque
2750 874 2801 928 in
2832 876 3050 929 exitium
3085 891 3181 945 per
3206 877 3311 931 vim
3341 878 3620 944 impellere

2044 975 2381 1029 perSpcctum
2427 963 2686 1018 habuero.
2738 964 2869 1018 Nam
2916 965 2962 1018 si
3008 966 3136 1021 mihi
3166 968 3273 1020 vim
3303 967 3526 1032 afferre,
3557 983 3622 1023 ac

2045 1054 2326 1121 tyrannice
2355 1070 2564 1109 mecum
2590 1071 2752 1124 agere
2785 1056 2918 1110 velis
2940 1097 2954 1120 ,
2982 1060 3428 1125 quemadmodum
3459 1061 3619 1114 etiam

2041 1140 2263 1207 dixisti,
2298 1143 2429 1196 nihil
2473 1143 2649 1209 aliud,
2689 1145 2815 1199 mihi
2853 1145 3045 1212 crede,
3088 1148 3210 1200 hinc
3251 1148 3381 1202 lucri
3425 1149 3618 1213 facies,

2043 1247 2204 1298 quam
2238 1243 2293 1288 ut
2325 1235 2490 1300 patris
2525 1236 2662 1296 loco.
2693 1247 2946 1306 tyrannus
2972 1247 3027 1290 et
3055 1239 3286 1293 carnifex
3312 1241 3618 1310 appelleris.

2037 1323 2481 1392 Quandoquidem
2536 1327 2751 1381 facilius
2801 1327 2895 1382 tibi
2945 1326 3107 1384 fuerit
3160 1331 3352 1398 aquila:
3399 1333 3620 1400 vestigia

2038 1417 2328 1483 consequi,
2362 1431 2425 1470 ac
2457 1431 2550 1485 per
2579 1418 2752 1486 ipsum
2781 1433 2960 1472 acrem
2991 1421 3200 1484 volare,
3241 1435 3399 1488 quam
3439 1436 3524 1475 tne
3552 1421 3621 1475 de

2037 1522 2156 1561 mea
2189 1510 2239 1562 in
2269 1509 2542 1564 Christum
2581 1510 2684 1564 ftde
2720 1525 2785 1564 ac
2826 1512 3084 1579 praeclaro
3121 1512 3322 1568 foedere
3349 1530 3471 1568 cum
3504 1516 3622 1581 ipso

2038 1596 2171 1651 inito
2196 1597 2485 1654 deducere.
2519 1599 2715 1654 Verum
2747 1601 2983 1669 intellige
3004 1642 3017 1665 ,
3047 1617 3081 1655 ο
3109 1613 3278 1670 pater,
3309 1611 3490 1671 atque,
3521 1604 3620 1658 ista

2036 1688 2312 1743 oculorum
2359 1690 2553 1744 mentis
2599 1689 2915 1758 lippitudine
2965 1700 3019 1745 et
3069 1692 3298 1760 caligine
3338 1693 3617 1762 discussa,

2035 1782 2275 1849 suspice,
2323 1795 2385 1835 ac
2437 1781 2530 1835 Dei
2561 1781 2665 1836 mei
2699 1783 2908 1844 lumen,
2943 1797 3132 1838 omnes
3177 1783 3412 1853 undique
3455 1785 3622 1840 collu-

353 1873 479 1939 δίη,
523 1875 664 1943 quod
713 1884 764 1930 ιη
787 1919 802 1945 ν
850 1878 1097 1932 dominus
1142 1891 1206 1932 ac
1244 1886 1394 1946 pater
1435 1894 1605 1944 meus,
1632 1879 1930 1949 huiusmodi
1968 1859 2012 1918 Β
2036 1877 2236 1935 strans,
2261 1871 2493 1935 intuere,
2523 1882 2685 1940 atque
2714 1872 2829 1940 ipse
2858 1871 3068 1926 tandem
3100 1871 3385 1942 aliquando
3413 1874 3620 1929 suavis-

353 1963 741 2020 beneliciorum
771 1967 990 2023 minime
1031 1968 1292 2037 particeps
1333 1984 1502 2024 esses.
1540 1971 1732 2024 Verum
1773 1971 1935 2024 animi

356 2054 435 2107 tui
462 2055 514 2108 in
545 2057 809 2110 sententia
841 2066 926 2110 tua
960 2058 1306 2123 pertinaciam
1335 2067 1582 2113 metuens
1607 2098 1622 2119 ,
1652 2073 1936 2112 maerorem

358 2159 537 2198 meum
563 2158 780 2214 pectore
804 2148 1143 2215 premebam.
1171 2150 1312 2217 quod
1343 2151 1438 2204 tibi
1465 2151 1796 2207 stomachum
1825 2166 1938 2204 mo-

357 2249 486 2289 vere
517 2237 736 2292 minime
767 2239 980 2293 vellem.
1016 2240 1178 2293 Deum
1205 2250 1384 2296 autem
1416 2257 1570 2296 orare
1595 2252 1755 2311 atque
1782 2242 1936 2297 obse-

353 2337 510 2378 crare
554 2343 661 2381 non
707 2331 1158 2395 interntittetam,
1204 2343 1263 2386 ut
1306 2347 1335 2384 a
1384 2333 1672 2402 longinquo
1713 2333 1934 2398 exsilio,

352 2414 496 2483 quod
541 2415 634 2469 tibi
678 2417 774 2485 ipsi
816 2421 1183 2484 accersivisti,
1225 2435 1343 2475 cum
1393 2423 1602 2490 pietatis
1649 2423 1932 2492 fugitivus,

354 2503 577 2572 vitiique
606 2506 782 2560 omnis
809 2519 865 2562 et
893 2511 1179 2578 impietatis
1209 2513 1456 2566 minister
1483 2512 1705 2566 effectus
1743 2528 1802 2568 es
1824 2550 1840 2577 ,
1883 2523 1934 2567 te

356 2604 654 2649 revocaret.
683 2597 946 2664 Quoniam
969 2611 1145 2654 autem
1172 2610 1226 2655 tu
1255 2602 1399 2669 ipse,
1423 2618 1456 2656 ο
1479 2613 1647 2671 pater,
1673 2619 1762 2658 res
1787 2619 1933 2659 meas

354 2686 410 2740 in
451 2698 694 2755 apertum
738 2692 1040 2758 protulisti,
1091 2709 1208 2759 qua:
1251 2709 1366 2748 mea
1409 2697 1630 2749 omnino
1670 2697 1931 2751 sententia

352 2779 454 2844 sit,
487 2780 608 2833 audi
639 2797 652 2833 :
685 2781 845 2836 Pacta
877 2798 998 2838 cum
1030 2785 1141 2840 Deo
1181 2801 1302 2840 meo
1341 2787 1465 2841 inita
1507 2803 1610 2842 non
1651 2789 1889 2858 frangam
1916 2808 1929 2855 ;

354 2885 462 2922 non
483 2913 498 2936 ,
528 2870 745 2940 inquam
769 2914 784 2936 ,
816 2889 912 2941 per
937 2890 1057 2929 eum
1087 2876 1178 2944 qui
1207 2893 1292 2933 me
1323 2879 1559 2944 pretioso
1597 2895 1792 2936 cruore
1835 2896 1933 2935 suo

349 2974 382 3013 a
414 2963 670 3017 servitute
699 2965 1008 3021 vindicavit.
1041 2969 1430 3035 Quamobrem,
1462 2987 1583 3027 cum
1611 2974 1736 3041 quid
1768 2973 1931 3028 animi

350 3053 577 3106 habeam
611 3054 702 3108 tibi
730 3056 1062 3124 exploratum
1091 3060 1186 3125 sit,
1220 3064 1489 3129 negotium
1519 3063 1609 3119 tibi
1637 3065 1735 3132 ipsi
1766 3065 1934 3119 faces-

350 3157 478 3197 sere
520 3145 736 3212 desine,
787 3161 816 3198 a
860 3148 1116 3212 praeclara
1161 3151 1501 3207 confessione
1542 3168 1630 3208 me
1670 3153 1932 3208 deducere

2039 1957 2176 2012 simo
2226 1958 2368 2012 illius
2409 1960 2698 2027 splendore
2729 1961 3052 2016 illuminare.
3111 1961 3182 2016 Ut
3221 1962 3347 2031 quid
3396 1963 3536 2017 enim
3570 1973 3621 2020 te

2041 2047 2211 2115 ipsum
2259 2049 2439 2103 carnis
2477 2048 2850 2104 affectionibus
2889 2066 2952 2105 ac
2989 2053 3346 2107 voluntatibus
3372 2062 3537 2109 totum
3569 2067 3619 2111 te

2042 2136 2336 2204 tradidisti,
2370 2154 2469 2192 nec
2498 2139 2608 2193 ullo
2640 2140 2800 2194 modo
2830 2155 2898 2195 ex
2926 2143 3055 2210 ipsis
3086 2142 3350 2213 emergis?
3381 2144 3510 2198 Illud
3537 2144 3621 2199 in-

2041 2226 2253 2296 tellige,
2284 2229 2426 2298 quod
2453 2229 2630 2284 omnis
2657 2245 2785 2284 caro
2815 2231 2996 2285 fenum
3025 2242 3136 2297 est,
3166 2243 3220 2289 et
3249 2235 3424 2289 omnis
3451 2235 3618 2304 gloria

2039 2319 2156 2386 ejus
2207 2328 2457 2388 tanquam
2508 2321 2607 2375 flos
2648 2321 2780 2375 feni.
2829 2323 3162 2378 Exsiccatum
3202 2334 3286 2379 est
3329 2326 3538 2392 fenum,
3566 2335 3620 2381 et

2040 2407 2138 2461 flos
2168 2409 2284 2476 ejus
2325 2408 2566 2475 decidit;
2600 2410 2819 2465 verbum
2848 2422 3025 2467 autem
3059 2413 3263 2469 Domini
3296 2418 3433 2485 mei,
3477 2416 3619 2487 quod

2038 2501 2287 2556 omnibus
2335 2503 2706 2558 annuntiatum
2761 2512 2878 2571 est,
2932 2516 3112 2562 manet
3157 2507 3212 2561 in
3262 2520 3517 2564 aeternum
3563 2510 3612 2581 (Ι

2039 2587 2153 2642 Pet.
2185 2590 2280 2659 ιι).

2110 2681 2245 2744 Quid
2277 2680 2434 2749 igitur
2462 2681 2532 2735 ita
2566 2681 2771 2752 perdite
2818 2693 2975 2752 atque
3018 2683 3205 2739 insane
3235 2686 3457 2754 gloriam
3499 2701 3617 2742 eam

2037 2774 2236 2828 retines
2264 2784 2320 2830 et
2349 2777 2711 2845 amplecteris,
2743 2793 2861 2846 qua:
2903 2777 3071 2832 instar
3101 2780 3394 2833 recentium
3431 2779 3619 2833 florum

2039 2868 2319 2920 marcescit
2344 2879 2504 2935 atque
2525 2867 2755 2934 deletur,
2778 2878 2832 2923 et
2851 2873 3206 2924 exsecrandas
3235 2884 3296 2924 ac
3317 2869 3509 2924 fetidas
3529 2872 3619 2926 de-

2039 2957 2210 3020 licias,
2237 2960 2544 3029 ventrisque
2583 2970 2639 3014 et
2666 2975 2850 3015 eorum
2879 2977 2996 3029 qua:
3026 2961 3163 3015 infra
3208 2971 3450 3015 ventrem
3498 2971 3620 3016 sunt

2036 3047 2371 3114 affecﬁones,
2402 3065 2521 3119 qua:
2565 3050 2778 3120 quidem
2817 3051 2882 3105 ad
2934 3051 3147 3120 aliquod
3182 3062 3390 3118 tempus
3430 3053 3620 3105 stulto-

2042 3154 2157 3192 rum
2187 3153 2378 3193 sensus
2407 3139 2701 3208 oblectant,
2725 3149 2978 3194 cmterum
3016 3144 3252 3193 amarius
3279 3139 3405 3193 felle
3437 3150 3620 3208 postea

349 3234 600 3289 moliens.
650 3236 779 3289 Nam
811 3239 1257 3303 quemadmodum
1290 3243 1332 3294 si
1363 3243 1558 3296 caelum
1600 3259 1756 3297 manu
1800 3242 1934 3297 arri—

2045 3232 2382 3301 digeruntur,
2420 3242 2531 3286 tum
2574 3233 2824 3286 nimirum
2873 3246 2994 3286 curn
3027 3233 3232 3286 umbra:
3272 3231 3411 3297 istae,
3463 3241 3622 3298 atque

347 3341 513 3396 pere,
546 3337 636 3380 aut
666 3336 831 3380 totum
865 3344 1011 3383 mare
1041 3331 1313 3386 exsiccare
1343 3331 1410 3395 in,
1427 3334 1665 3387 animum
1709 3335 1935 3389 induxe-

348 3416 458 3483 ris,
495 3419 676 3473 irritus
701 3429 860 3487 atque
891 3422 1095 3474 inutilis
1125 3422 1218 3476 tibi
1249 3423 1337 3477 hic
1363 3433 1587 3477 conatus
1618 3425 1809 3489 fuerit,
1838 3439 1932 3478 eo-

349 3512 478 3566 dem
522 3513 682 3567 modo
719 3516 820 3568 hoc
859 3529 1071 3584 quoque
1103 3515 1312 3569 irritum
1345 3517 1436 3570 tibi
1482 3516 1597 3570 fore
1637 3516 1926 3586 persuade.

350 3607 434 3658 Ac
465 3616 774 3672 praptcrea,
807 3614 898 3658 aut
929 3607 1045 3673 ipse
1087 3607 1313 3660 consilio
1345 3622 1466 3662 meo
1495 3607 1828 3677 obsequens,
1865 3609 1931 3663 ad

353 3692 630 3748 Christum
664 3705 715 3749 te
743 3695 976 3765 adjunge
999 3736 1014 3760 ,
1045 3705 1101 3749 ut
1131 3696 1268 3751 bona
1300 3710 1364 3749 ea
1393 3711 1515 3766 qua:
1553 3697 1930 3767 cogitationem

349 3798 566 3838 omnem
611 3795 866 3853 superant
897 3788 1192 3856 percipias,
1239 3788 1478 3854 sociique
1523 3789 1663 3844 inter
1706 3805 1839 3855 nos,
1878 3802 1936 3846 ut

350 3884 580 3944 naturae,
613 3877 683 3931 ita
731 3879 889 3933 etiam
937 3877 1062 3934 fidei
1110 3881 1307 3943 simus,
1348 3890 1439 3934 aut
1473 3895 1502 3934 a
1546 3890 1634 3936 tua
1682 3883 1933 3950 filietate,

352 3965 484 4020 mihi
527 3967 720 4032 crede,
763 3968 1078 4037 abscedam,
1123 3984 1359 4040 puraque
1397 3972 1724 4028 conscientia
1766 3973 1932 4028 Deum

349 4073 530 4113 meum
564 4059 755 4114 colam.

428 4149 554 4203 lltcc
583 4150 742 4219 igitur
767 4157 946 4211 omnia
974 4160 1032 4206 ut
1061 4168 1156 4206 rex
1181 4153 1418 4218 audivit,
1448 4152 1728 4222 impotenti
1757 4153 1935 4209 furore

351 4240 638 4295 confesﬁm
689 4242 958 4309 percitus,
1012 4242 1266 4296 iracunde
1314 4242 1381 4297 ad
1429 4257 1550 4296 eum
1599 4242 1930 4309 loquebatur,

351 4331 710 4400 dentibusque
735 4332 966 4386 furentis
994 4334 1160 4386 instar
1186 4332 1459 4398 frendens,
1487 4333 1568 4386 bis
1597 4333 1774 4388 verbis
1804 4348 1933 4388 usus

352 4433 472 4477 est:
519 4426 772 4489 Quisnam
813 4424 950 4478 alius
981 4424 1110 4477 mihi
1144 4435 1406 4479 tantorum
1451 4425 1712 4478 malorum
1743 4434 1929 4479 auctor

350 4522 468 4577 est,
501 4523 559 4565 ut
586 4529 689 4581 ego
716 4515 849 4581 ipse,
876 4516 963 4580 qui
993 4524 1044 4568 te
1071 4525 1215 4569 tanto
1241 4530 1424 4569 amore
1449 4517 1762 4584 complexus
1787 4532 1928 4582 sum,

351 4618 521 4671 eaque
553 4611 638 4656 tua
669 4619 828 4658 causa
860 4605 961 4660 feci
987 4645 1002 4669 ,
1042 4621 1160 4674 quae
1191 4606 1363 4660 nullus
1412 4622 1644 4676 unquam
1678 4616 1826 4676 pater
1856 4607 1930 4662 fe-
1957 4588 2012 4647 υ

351 4694 472 4747 cit?
502 4694 614 4762 Qua
656 4697 815 4750 etiam
859 4696 926 4748 de
963 4711 1121 4751 causa
1163 4697 1356 4752 mentis
1386 4708 1489 4752 tute
1519 4701 1840 4767 perversitas
1867 4714 1931 4754 ac

354 4784 682 4850 pervicacia,
726 4801 790 4840 ex
834 4786 1046 4841 licentia
1088 4803 1205 4842 mea
1246 4790 1486 4845 collectis
1525 4790 1759 4857 viribus,
1789 4801 1845 4844 ut
1875 4791 1929 4844 in

353 4891 528 4930 meum
571 4886 732 4944 caput
772 4877 1069 4944 insanires,
1111 4878 1257 4934 fecit.
1299 4880 1412 4934 Non
1454 4883 1550 4934 abs
1588 4896 1645 4936 re
1688 4883 1846 4952 igitur
1877 4883 1928 4936 in

349 4977 474 5020 ortu
505 4976 596 5020 tuo
620 4969 876 5035 astrologi
907 4969 1103 5022 malum
1143 4978 1199 5023 et
1240 4970 1536 5037 improbum
1566 4972 1737 5025 virum
1768 4980 1931 5039 atque

352 5069 730 5125 arrogantem,
774 5071 825 5114 et
865 5062 1122 5114 adversus
1162 5070 1414 5128 parentes
1459 5072 1829 5117 contumacem
1879 5073 1930 5118 te

353 5150 470 5204 fore
501 5150 772 5204 dixerunt.
797 5152 865 5204 At
892 5151 935 5204 si
967 5167 1108 5205 nunc
1133 5167 1341 5220 quoque
1368 5155 1704 5208 commiseris
1729 5165 1785 5210 ut
1804 5171 1933 5210 con-

359 5239 538 5292 sil-nm
572 5254 748 5292 meum
782 5240 976 5294 frustra
1008 5241 1159 5293 cadat
1181 5281 1196 5306 ,
1242 5241 1486 5296 hostilem
1517 5242 1569 5297 in
1611 5253 1661 5298 te
1698 5246 1931 5299 animum

353 5345 534 5397 geram
559 5371 573 5395 ,
606 5339 764 5398 atque
796 5332 865 5384 ita
898 5341 950 5385 te
980 5332 1217 5386 multabo
1236 5373 1250 5396 ,
1275 5345 1334 5387 ut
1359 5350 1424 5388 ne
1449 5336 1498 5388 in
1520 5336 1700 5390 hostes
1720 5338 1933 5406 quidem

353 5435 481 5473 suos
513 5429 671 5474 tanta:
697 5421 913 5475 szevitia:
944 5423 1214 5489 specimen
1241 5426 1522 5494 quisquam
1550 5427 1821 5482 exhibeat.

427 5510 653 5565 Rursum
683 5521 858 5566 autem
887 5513 977 5567 llle
1002 5529 1014 5564 :
1046 5514 1309 5579 Quidnam
1341 5525 1422 5568 est
1443 5555 1459 5579 ,
1489 5531 1522 5570 ο
1546 5532 1638 5570 rex
1660 5556 1676 5582 ,
1701 5531 1797 5572 cur
1827 5518 1931 5572 ira-

356 5603 551 5658 cundia
603 5603 990 5669 inflammcris,
1047 5620 1220 5675 eoque
1275 5608 1492 5662 nomine
1545 5608 1930 5676 discrucieris,

357 5696 496 5766 quod
535 5704 676 5750 tanta
717 5696 853 5751 bona
894 5696 1150 5751 divinitus
1185 5697 1286 5752 sim
1325 5701 1684 5752 consecutus?
1715 5699 1780 5754 Et
1807 5701 1926 5766 quis

360 5805 591 5861 unquam
621 5799 769 5862 pater
799 5790 891 5846 fiEii
931 5789 1185 5847 felicitate
1214 5789 1394 5847 dolere
1420 5801 1581 5861 atque
1619 5789 1741 5863 angi
1785 5795 1929 5848 visus

2042 3324 2218 3380 inanis
2250 3326 2470 3394 hujusce
2503 3325 2623 3378 vitae
2666 3324 2927 3379 insomnia
2971 3324 3347 3393 praeterierint,
3377 3332 3536 3393 atque
3564 3321 3617 3375 in

2041 3426 2301 3485 perpetuo
2348 3418 2483 3488 ignis
2514 3433 2782 3488 nunquam
2823 3418 3200 3488 exstinguendi
3251 3432 3313 3472 ac
3354 3417 3621 3473 tenebrosi

2039 3509 2276 3563 cruciatu
2313 3524 2499 3564 eorum
2543 3520 2833 3574 amatores,
2873 3519 2926 3564 et
2972 3512 3060 3580 qui
3100 3512 3361 3576 iniquitati
3400 3526 3618 3579 operam

2038 3601 2187 3669 dant,
2213 3603 2612 3669 provolventur,
2641 3602 2731 3656 ubi
2756 3617 2806 3654 tn
2833 3605 3036 3655 somnis
3061 3604 3260 3656 vermis
3285 3603 3485 3669 absque
3511 3602 3620 3656 ullo

2041 3693 2146 3749 fine
2173 3695 2319 3763 ipsos
2337 3693 2609 3759 corrodet,
2640 3709 2701 3746 ac
2728 3701 3017 3761 perpetuus
3040 3693 3178 3762 ignis
3207 3693 3259 3747 iu
3283 3693 3490 3749 infinita
3521 3709 3622 3750 sa:-

2039 3785 2157 3839 cula
2188 3800 2282 3840 eos
2303 3784 2711 3839 concremabit?
2743 3783 2883 3836 luter
2913 3797 3069 3852 quos,
3094 3797 3127 3836 ο
3158 3797 3268 3836 rem
3298 3799 3537 3853 gravem,
3565 3792 3619 3838 tu

2039 3890 2256 3945 quoque
2300 3875 2618 3938 conclusus,
2661 3874 2729 3929 ob
2773 3873 3031 3928 scelerata
3073 3873 3294 3929 consilia
3349 3881 3438 3928 tua
3476 3875 3621 3941 gravi

2043 3967 2354 4036 poenitentia
2383 3965 2652 4030 afficieris,
2686 3974 2847 4033 atque
2887 3967 2986 4019 hos
3028 3965 3144 4019 dies
3189 3967 3413 4020 multum
3445 3965 3620 4036 requi—

2038 4071 2147 4124 res,
2173 4071 2522 4125 meorumque
2561 4060 2846 4110 verborum
2889 4055 3282 4111 recordaberis.
3319 4057 3512 4111 Verum
3542 4057 3622 4111 ni-

2042 4146 2115 4200 hil
2146 4163 2213 4203 ex
2242 4147 2504 4214 ejusmodi
2525 4147 2840 4216 pmnitentia
2869 4146 3116 4200 utilitatis
3147 4148 3430 4215 percipies,
3455 4147 3620 4216 siqui-

2041 4238 2164 4294 dem
2202 4238 2254 4294 in
2290 4236 2500 4294 inferno
2529 4239 2860 4308 poenitentia:
2902 4246 3062 4309 atque
3112 4237 3442 4295 confessioni
3473 4239 3622 4294 locus

2040 4344 2144 4384 non
2175 4340 2254 4384 est
2291 4329 2513 4400 (Psalm.
2540 4329 2637 4401 vt).

2110 4418 2240 4474 Nam
2279 4435 2515 4488 praesens
2562 4430 2770 4490 tempus
2799 4419 2968 4476 labori
3001 4421 3355 4490 prtesﬁtutum
3392 4429 3497 4488 est,
3540 4422 3622 4478 fu-

2039 4521 2212 4567 turum
2235 4523 2412 4566 autem
2444 4513 2698 4568 mercedi.
2733 4516 2811 4567 Ac
2833 4513 3070 4582 profecto
3101 4515 3309 4569 etiamsi
3334 4525 3624 4582 praesentes

2042 4605 2348 4674 voluptates
2377 4605 2597 4659 fluxioni
2631 4613 2687 4659 et
2717 4605 2955 4659 interitui
2991 4605 3212 4659 minime
3247 4605 3504 4672 subjecta:
3539 4621 3622 4662 es-

2042 4708 2180 4764 sent,
2205 4715 2391 4755 verum
2419 4715 2541 4754 cum
2571 4700 2804 4754 dominis
2834 4700 2946 4754 suis
2976 4699 3030 4753 in
3061 4687 3321 4753 aeternum
3345 4698 3622 4764 durarent,

2043 4806 2146 4846 non
2181 4800 2356 4846 tamen
2389 4801 2670 4860 propterea
2693 4805 2785 4844 eas
2814 4790 3009 4846 Christi
3038 4789 3312 4844 beneficiis
3355 4803 3419 4843 ac
3470 4789 3624 4843 bonis

2042 4884 2188 4939 omni
2237 4883 2562 4954 cogitatione
2611 4882 3068 4951 praestantioribus
3113 4879 3384 4934 anteferre
3411 4889 3623 4948 Oporte—

2041 4976 2165 5030 bat?
2192 4975 2322 5030 Nam
2349 4984 2550 5044 quanto
2571 4975 2650 5029 sol
2674 4973 2936 5045 prohmda
2959 4981 3118 5028 nocte
3146 4972 3340 5026 clarior
3366 4982 3445 5027 est
3468 4983 3624 5042 atque

2042 5068 2393 5137 splendidior,
2426 5077 2572 5121 tanto
2608 5081 2823 5136 quoque
2868 5076 3028 5135 atque
3063 5065 3224 5119 etiam
3250 5066 3418 5118 multo
3457 5067 3623 5134 magis

2041 5162 2176 5216 bona
2198 5177 2258 5216 ea
2273 5176 2389 5230 quae
2415 5160 2509 5215 Dei
2527 5174 2712 5214 amore
2731 5157 2971 5226 praeditis
2994 5156 3256 5226 promissa
3283 5165 3408 5242 sntit
3435 5158 3624 5225 quosis

2040 5263 2254 5308 terreno
2303 5267 2467 5322 regno
2520 5249 2808 5305 illustriora
2853 5257 2909 5302 et
2960 5248 3418 5318 magnificentiora
3473 5258 3620 5304 sunt.

2042 5343 2376 5411 l‘roindeque
2401 5340 2619 5394 omnino
2647 5347 3068 5392 consentaneum
3110 5344 3226 5391 erat
3269 5349 3332 5390 ea
3359 5350 3477 5402 qua:
3509 5350 3623 5388 ma-

2037 5433 2152 5502 jora
2183 5440 2239 5486 et
2276 5430 2650 5500 prastantiora
2682 5435 2807 5481 sunt
2850 5425 3200 5481 inferioribus
3241 5440 3304 5478 ac
3345 5424 3623 5478 vilioribus

2037 5524 2338 5592 antiquiora
2375 5522 2595 5575 habere.
2625 5520 2760 5573 Cum
2803 5529 2980 5572 autem
3013 5532 3201 5571 omnes
3240 5516 3463 5584 hujusce
3492 5515 3620 5568 vitta

2037 5629 2124 5669 res
2152 5624 2204 5668 et
2242 5615 2566 5684 eorruptioni
2605 5615 2855 5670 obnoxia:
2893 5612 3164 5680 sintUob.
3201 5612 3342 5681 xtv),
3372 5618 3427 5663 et
3475 5623 3618 5661 msoo

2035 5706 2166 5759 mnii
2203 5715 2362 5774 atque
2406 5707 2609 5760 umbrae
2661 5705 2827 5760 instar
2877 5710 3200 5774 prmtereant
3229 5716 3294 5757 ac
3336 5699 3618 5755 deleantur

2035 5796 2210 5866 (Paul.
2237 5800 2444 5867 (ηιμ),
2480 5797 2617 5853 adeo
2663 5805 2721 5852 ut
2761 5795 3097 5852 instabilibus
3131 5793 3306 5862 potius
3343 5787 3512 5848 auris,
3559 5793 3615 5840 et
