4010 6292
280 428 383 483 559

1316 421 1404 478 DE
1444 419 1623 477 VlTlS
1663 414 1946 474 PATRUM
1988 412 2187 470 ιιδειι
2232 410 2512 469 PRIMUS.

3437 404 3589 463 διον

282 542 431 596 navis
469 554 566 611 per
602 553 752 596 mare
777 537 1049 596 currentis
1076 536 1333 607 vestigiis,
1376 551 1537 606 quam
1586 534 1857 589 hominum
1890 536 1937 591 Α
1971 539 2132 595 esset,
2175 538 2339 596 atque
2384 529 2551 582 iratus
2590 528 2926 592 secessisset,
2960 523 3103 581 ﬁlius
3153 523 3206 579 in
3246 522 3551 579 cubiculum

278 632 621 701 prosperitati
647 631 782 686 fides
812 630 1052 686 habenda
1083 630 1183 693 sit;
1212 642 1331 697 quas
1361 626 1575 680 tandem
1601 624 1860 691 simplici-

283 733 386 793 tas,
429 724 512 779 vel
540 734 599 779 ut
638 724 836 779 rectius
879 724 1086 793 loquar,
1118 723 1341 776 stultitia
1368 732 1421 776 et
1450 721 1720 775 dementia
1749 719 1864 773 htrc

279 825 387 878 est,
415 831 477 870 ea
504 831 623 885 qua:
652 817 851 869 caduca
891 825 946 869 et
976 814 1239 868 imbecilla
1281 812 1716 880 corruptionique
1757 810 1857 864 ob-

281 907 439 961 noxia
471 916 618 972 sunt,
649 907 757 960 imo
787 906 921 960 nihil
954 920 1170 973 prorsus
1199 911 1342 968 sunt,
1371 904 1434 957 iis
1460 917 1581 971 qua:
1618 916 1646 953 a
1679 914 1865 956 corru-

286 998 467 1068 ptione
491 998 661 1053 aliena
689 1013 751 1053 ac
774 999 1096 1066 sempiterna
1135 1006 1280 1060 sunt,
1315 996 1520 1063 potiora
1550 994 1769 1059 ducere,
1801 1007 1865 1046 ac

288 1100 507 1157 propter
548 1089 869 1143 caducarum
914 1102 1094 1142 rerum
1147 1088 1393 1148 fructum,
1449 1085 1709 1138 bonorum
1749 1084 1866 1137 illo-

288 1198 407 1235 rum
434 1181 608 1236 fructu
631 1182 698 1235 ab
719 1182 863 1235 omni
896 1180 1236 1235 successione
1262 1188 1472 1233 remoto
1504 1178 1743 1245 privari?
1784 1179 1863 1231 An

279 1286 390 1327 non
425 1274 561 1338 haec,
590 1292 622 1327 o
666 1282 839 1342 pater,
886 1272 1188 1343 intelliges?
1221 1273 1299 1324 An
1333 1286 1440 1324 non
1488 1269 1866 1339 prtetereuntia

286 1363 606 1431 praeteribis,
640 1374 797 1432 atque
825 1364 889 1417 ad
931 1379 994 1417 ea
1035 1378 1155 1432 qum
1182 1361 1288 1416 ﬁxa
1312 1371 1366 1415 et
1394 1372 1539 1416 certa
1568 1373 1714 1430 sunt,
1754 1360 1869 1413 ani-

285 1470 429 1508 tuum
463 1456 766 1524 adiunges?
810 1456 890 1509 An
923 1470 1026 1508 non
1061 1456 1286 1523 patriam
1315 1454 1733 1523 peregrinationi
1774 1469 1870 1506 an-

285 1556 529 1615 tepones,
557 1546 730 1600 lucem
762 1547 1021 1609 tenebris,
1075 1546 1321 1612 spiritum
1374 1546 1549 1609 carui,
1582 1546 1745 1599 vitam
1791 1560 1866 1598 te-

279 1647 491 1692 ternam
524 1638 727 1690 umbra:
751 1636 959 1698 mortis,
1003 1651 1063 1689 ea
1104 1650 1223 1705 qua:
1256 1651 1359 1689 non
1385 1637 1693 1691 dilabuntur
1713 1634 1869 1687 ﬂuxis

282 1735 337 1781 et
370 1727 679 1794 fragilibus?
701 1728 781 1779 An
814 1742 919 1781 non
948 1742 1011 1780 ex
1044 1727 1211 1782 atraci
1249 1728 1349 1782 hac
1391 1727 1645 1782 horrendi
1679 1725 1866 1780 mundi

285 1816 563 1886 principis,
605 1817 707 1871 hoc
736 1828 819 1872 est
854 1817 1089 1885 perversi
1115 1819 1311 1873 diaboli
1360 1822 1641 1881 servitute,
1669 1819 1787 1887 fuga
1818 1828 1869 1872 te

1966 621 2260 688 ingressus,
2287 619 2510 673 sublatis
2535 618 2603 672 ad
2622 619 2703 674 sui
2732 618 3040 675 certaminis
3059 614 3321 671 arbitrum
3350 614 3551 680 oculis,

1971 728 2034 765 ex
2084 711 2274 765 intimo
2322 712 2486 765 corde
2522 709 2884 764 exclamavit:
2918 708 3140 761 Domine
3191 706 3335 761 Deus
3375 719 3550 773 meus,

1966 806 2135 858 dulcis
2156 819 2301 873 spes,
2328 805 2649 873 minimeque
2671 804 2896 857 mendax
2926 800 3230 871 promissio,
3251 815 3314 855 ac
3337 801 3549 854 llrtmnn

1966 912 2152 951 eorum
2193 897 2281 964 qtti
2314 911 2373 949 se
2404 894 2499 950 tibi
2537 903 2676 948 totos
2704 894 3036 948 devoverunt
3066 893 3390 961 perfugium,
3429 906 3553 957 pro-

1969 986 2097 1056 pitio
2147 999 2210 1038 ac
2261 986 2490 1053 benigno
2531 990 2686 1040 oculo
2735 987 2964 1053 pectoris
3017 986 3121 1039 mei
3170 986 3551 1039 contritionem

1967 1090 2150 1141 cerne,
2173 1090 2269 1129 nec
2293 1090 2377 1128 me
2406 1075 2769 1145 derelinquas,
2806 1090 2904 1130 nec
2932 1074 3175 1130 discedas
3204 1088 3235 1128 a
3268 1073 3548 1141 lne(Psal.

1970 1170 2206 1236 xxxvn);
2234 1183 2445 1230 verum,
2469 1169 2616 1235 juxta
2649 1166 3085 1235 pollicitationem
3114 1177 3281 1230 tuam,
3309 1167 3378 1219 ab
3399 1165 3549 1219 omtti

1970 1259 2249 1312 mendacio
2297 1259 2548 1322 alienam,
2595 1273 2827 1323 mecum,
2861 1258 2963 1313 hoc
3010 1267 3111 1319 est,
3162 1271 3283 1311 cum
3330 1256 3550 1325 indigno

1971 1360 2129 1419 atque
2158 1348 2370 1417 abjecto
2394 1349 2717 1403 homunculo
2737 1348 2924 1404 sis.'l‘e
2941 1349 3082 1402 enim
3107 1362 3286 1401 rerum
3313 1348 3553 1399 oumium

1970 1442 2305 1495 conditarum
2336 1441 2644 1496 eﬂ‘ectorem
2677 1451 2731 1495 et
2765 1441 3173 1510 gubernatorem
3214 1453 3449 1509 agnosco
3498 1449 3556 1493 et

1970 1535 2250 1587 conﬁteor.
2286 1534 2549 1599 Quocirca
2578 1535 2629 1587 in
2669 1534 2768 1588 hac
2798 1534 3055 1602 praeclara
3096 1530 3437 1586 confessione
3464 1545 3557 1586 ve-

1974 1624 2062 1675 lim
2093 1639 2178 1677 me
2226 1626 2537 1688 confirmes,
2567 1633 2625 1677 ut
2664 1624 2730 1677 ad
2760 1608 3060 1677 extremum
3092 1638 3261 1692 usque
3306 1623 3553 1692 spiritum

1972 1715 2022 1767 in
2054 1730 2115 1767 ea
2148 1731 2512 1783 permaneam.
2548 1715 2770 1783 Respice
2822 1716 2873 1769 in
2920 1730 3029 1780 me,
3062 1723 3115 1768 et
3142 1715 3397 1768 miserere
3447 1712 3555 1766 mei

1976 1802 2358 1873 (Psal.xxtv);
2418 1804 2656 1874 mihique
2684 1814 2819 1869 asta,
2873 1804 3096 1858 illaesum
3144 1802 3555 1872 atque,incolu-

284 1910 570 1973 subduces,
603 1917 759 1976 teque
789 1908 854 1962 ad
888 1909 1085 1963 bonum
1111 1919 1165 1963 et
1194 1912 1259 1962 ad
1293 1910 1719 1964 misericordiam
1746 1924 1867 1977 pro-

1982 1908 2113 1947 mem
2147 1895 2214 1948 ab
2248 1894 2408 1947 ’omni
2453 1895 2667 1949 Satanas
2711 1896 3025 1963 operatione
3076 1908 3164 1948 me
3206 1907 3544 1947 conservans.

290 1998 665 2066 pensissimum
704 1999 984 2052 Dominum
1015 2000 1295 2054 conteres?
1325 2001 1403 2053 An
1449 2017 1552 2054 non
1603 2016 1633 2053 a
1681 2001 1870 2054 multo-

287 2104 403 2143 rum
434 2089 920 2144 commcntitiorum
944 2091 1164 2145 deorum
1188 2092 1332 2145 cultu
1359 2091 1586 2159 teipsum
1611 2091 1865 2156 abduces,

287 2188 448 2247 atque
474 2180 563 2233 uni
589 2181 708 2233 vivo
748 2195 812 2234 ac
848 2194 975 2234 vero
1009 2181 1115 2234 Deo
1146 2182 1346 2233 cultum
1377 2179 1704 2234 adhibebis?
1732 2179 1867 2233 Nam

282 2271 380 2325 etsi
416 2272 467 2324 in
517 2272 680 2325 Deum
714 2272 969 2341 peccasti,
1003 2287 1124 2326 cum
1156 2272 1350 2325 multas
1381 2272 1433 2325 in
1456 2286 1578 2325 eum
1617 2269 1869 2339 blasphe-

283 2362 419 2414 mias
457 2360 713 2428 eﬂ‘udisti,
748 2370 908 2431 atque
934 2362 1100 2430 ipsius
1119 2376 1309 2416 servos
1344 2362 1597 2432 gravibus
1630 2373 1865 2415 tormen-

285 2454 356 2507 tis
383 2455 723 2507 excruciatos
748 2454 973 2519 necasti,
1012 2469 1117 2507 non
1143 2465 1318 2508 tamen
1349 2454 1537 2507 dubito
1564 2454 1690 2520 quin
1717 2462 1770 2507 te
1803 2452 1866 2506 ad

286 2545 561 2600 meliorem
609 2554 843 2600 mentem
876 2545 1186 2599 redeuntem
1239 2555 1583 2613 suscepturus
1613 2546 1703 2609 sit,
1747 2559 1865 2598 om-

296 2636 491 2705 niaque
520 2637 712 2691 delicta
752 2646 840 2690 tua
887 2651 918 2691 e
949 2638 1207 2690 memoria
1247 2636 1536 2705 ejecturus.
1581 2635 1695 2689 Non
1724 2636 1867 2689 enim

288 2740 513 2783 mortem
546 2731 968 2799 peccatoris,sed
995 2732 1160 2798 magis
1178 2740 1230 2783 ut
1254 2739 1595 2784 convertatur
1622 2738 1678 2785 et
1700 2730 1866 2794 vivat,

288 2816 382 2872 ille
423 2818 535 2872 Vult
562 2818 774 2887 (Ezcclt.
807 2819 977 2888 xvnt),
1008 2820 1096 2886 qui
1133 2826 1188 2872 ut
1230 2834 1327 2872 nos
1350 2834 1378 2872 a
1410 2827 1555 2873 recta
1581 2821 1662 2871 via
1713 2820 1869 2872 aber-

287 2919 467 2963 rantes
492 2911 812 2978 requireret,
838 2926 904 2964 cx
926 2926 986 2962 ea
1008 2910 1334 2965 sublimitate
1360 2926 1481 2980 qua:
1513 2912 1671 2963 nullis
1694 2925 1773 2964 ve.
1790 2911 1871 2965 bis

290 3001 480 3068 exponi
517 3009 693 3068 potest
721 3001 1023 3068 descendit,
1063 3016 1383 3070 crucemque
1410 3010 1465 3056 et
1501 3013 1725 3055 mortem
1774 3016 1869 3055 no-

288 3101 397 3143 stra
431 3104 596 3144 causa
629 3092 867 3160 pertulit,
912 3107 973 3144 ac
1020 3107 1117 3145 nos
1145 3094 1232 3160 qui
1276 3092 1376 3146 sub
1408 3101 1625 3158 peccato
1666 3092 1867 3144 venditi

290 3199 527 3247 eramus,
560 3185 798 3252 pretioso
838 3199 937 3238 suo
978 3188 1232 3254 sanguine
1264 3186 1509 3239 redemit.
1543 3185 1643 3252 Ipsi
1678 3186 1792 3239 laus
1816 3193 1869 3239 et

292 3276 457 3346 gloria
486 3280 536 3330 in
571 3279 764 3331 szecula
794 3288 1137 3332 smcutorum.
1162 3281 1328 3333 Amen
1362 3280 1540 3348 (llam.
1572 3286 1689 3349 vn).

366 3367 476 3421 Rex
510 3378 688 3422 autem
719 3379 935 3436 stupore
966 3371 1123 3424 simul
1156 3380 1315 3439 atque
1344 3369 1419 3423 ita
1441 3383 1719 3438 correptus
1748 3380 1868 3425 est:

295 3457 420 3511 illud
454 3473 666 3526 nempe,
701 3459 769 3512 ob
797 3460 887 3512 lilii
907 3461 1110 3521 pruden
1137 3459 1265 3526 iam,
1296 3471 1455 3528 atque
1482 3460 1745 3525 ejusmodi
1768 3476 1876 3515 ser-

295 3563 501 3615 mones,
541 3553 628 3618 qui
659 3554 805 3606 nullo
844 3561 998 3620 pacto
1039 3552 1211 3607 refelli
1258 3562 1509 3621 possent;
1545 3556 1643 3606 huc
1672 3564 1871 3619 autem,

294 3641 415 3711 quia
448 3643 618 3711 ipsius
639 3642 773 3697 deos
805 3643 1088 3697 traducere
1129 3657 1192 3697 ac
1221 3643 1493 3696 erimiuari
1524 3659 1629 3696 non
1665 3642 1879 3697 desine-

296 3736 406 3799 bat,
436 3745 710 3804 totamque
741 3734 909 3803 ipsius
932 3736 1092 3789 vitam
1120 3735 1441 3805 suggillabat
1477 3750 1539 3789 ac
1563 3735 1875 3802 proscinde-

302 3827 415 3881 bat.
458 3829 633 3897 Atque
658 3828 964 3897 hujusmodi
989 3829 1204 3898 quidem
1243 3829 1507 3882 sermonis
1536 3829 1876 3897 splendorem

299 3924 371 3978 ob
411 3923 673 3977 internam
727 3924 1074 3977 tenebrarum
1119 3923 1423 3978 crassitiem
1469 3922 1877 3990 haudquaquam

300 4015 532 4069 admisit.
566 4012 700 4069 Cum
738 4024 917 4068 autem
947 4014 1017 4067 ob
1055 4015 1255 4068 amoris
1294 4030 1321 4067 a
1356 4024 1539 4069 natura
1574 4013 1716 4066 iusiti
1744 4013 1879 4067 affe-

300 4116 444 4161 ctum
478 4108 529 4160 in
561 4107 731 4173 ipsum
772 4108 1225 4173 animadvertere,
1254 4116 1343 4161 aut
1383 4125 1501 4161 eum
1535 4106 1675 4160 malo
1704 4108 1881 4175 aliquo

301 4200 525 4254 multare
553 4214 656 4252 non
686 4209 895 4267 posset,
921 4215 1241 4267 rursumque
1271 4200 1443 4267 ipsum
1468 4199 1535 4253 de
1568 4198 1729 4269 300
1755 4212 1880 4251 seu-

305 4292 467 4344 tentia
499 4290 775 4343 dimovere
803 4304 862 4343 se
891 4305 1050 4359 posse
1079 4304 1297 4357 prorsus
1322 4289 1652 4357 desperaret,
1684 4290 1883 4343 veritus

306 4398 373 4438 ne
404 4384 447 4438 si
484 4383 724 4453 pluribus
755 4398 879 4437 eum
909 4384 1252 4437 sermonibus
1283 4382 1588 4445 lacesseret,
1617 4397 1682 4435 eo
1718 4382 1882 4436 libere

304 4489 369 4527 ac
410 4475 930 4543 ﬁdenterloquente,
964 4475 1203 4542 deosque
1230 4474 1549 4543 suggillante
1589 4482 1749 4542 atque
1793 4487 1884 4527 ca-

305 4566 444 4619 vil‘is
475 4566 792 4630 insectante,
826 4565 1028 4633 majore
1060 4565 1173 4634 ipse
1201 4563 1473 4618 iracundia
1506 4562 1881 4627 inﬂammatus,

308 4657 499 4711 hostife
530 4655 733 4723 aliquid
764 4655 816 4708 in
849 4670 970 4709 eum
1007 4655 1338 4725 designaret,
1383 4654 1520 4708 irato
1551 4653 1729 4706 animo
1768 4668 1882 4707 sur-

307 4765 440 4818 gens
489 4745 737 4812 secessit,
791 4744 872 4798 his
918 4746 1179 4799 duntaxat
1222 4745 1402 4800 verbis
1453 4753 1646 4797 utens:
1679 4742 1886 4797 Utinam

308 4851 575 4906 nunquam
608 4846 762 4891 natus
795 4834 1010 4901 fuisses,
1057 4850 1154 4889 nec
1184 4836 1235 4889 in
1279 4835 1451 4889 lucem
1484 4835 1805 4903 prodiisses,
1846 4832 1893 4887 si

308 4932 531 4999 quidem
564 4929 799 4983 futurum
827 4938 946 4982 erat
974 4941 1032 4981 ut
1061 4929 1113 4982 in
1155 4929 1281 4982 deos
1314 4936 1420 4981 tam
1450 4929 1643 4997 impius
1683 4940 1736 4983 et
1764 4945 1891 4983 con-

312 5020 623 5074 tumeliosus
652 5032 827 5084 esses,
854 5027 1014 5088 atque
1045 5033 1075 5073 a
1106 5027 1321 5088 paterna
1352 5020 1584 5073 amicitia
1616 5028 1669 5074 et
1694 5020 1884 5073 admo-

311 5111 512 5164 nitione
540 5110 878 5165 abscederes.
925 5109 1122 5166 Verum
1163 5111 1455 5165 adversarii
1486 5115 1617 5165 deos
1662 5128 1887 5182 quorum

310 5200 569 5254 invictum
596 5200 760 5253 robur
786 5209 889 5267 est,
913 5215 1018 5255 non
1052 5211 1309 5271 perpetuo
1337 5201 1766 5269 subsannabunt,
1788 5218 1890 5258 nec

310 5290 400 5343 diu
444 5288 774 5358 gaudebunt,
809 5305 907 5345 nec
935 5305 1123 5345 eorum
1173 5293 1457 5362 prrcstigiaa
1486 5292 1591 5345 vim
1630 5292 1891 5348 habitura:

312 5385 458 5434 sunt.
481 5378 612 5430 Nam
648 5377 747 5430 nisi
772 5377 900 5431 mihi
925 5379 1068 5435 dicto
1098 5381 1402 5435 audientem
1432 5390 1593 5451 atque
1620 5397 1742 5452 erga
1763 5384 1893 5437 deos

316 5479 522 5535 gratum
557 5477 609 5523 te
639 5469 957 5537 prmbueris,
989 5472 1167 5525 multis
1203 5473 1349 5541 prius
1375 5487 1439 5527 ac
1468 5474 1629 5528 variis
1660 5484 1895 5528 tormen-

315 5558 386 5612 tis
408 5558 656 5614 aﬂ‘ectutn
687 5562 1035 5618 acerbissima
1065 5575 1239 5621 morte
1272 5576 1324 5622 te
1369 5568 1437 5621 de
1468 5569 1643 5623 medio
1685 5569 1891 5635 tollam,

318 5665 416 5705 nec
443 5658 617 5706 tecum
648 5661 705 5706 ut
739 5668 859 5707 cunt
891 5653 1016 5723 ﬁlio,
1060 5658 1154 5709 sed
1196 5667 1250 5709 ut
1277 5673 1398 5712 cum
1431 5658 1585 5715 hoste
1628 5660 1808 5730 aliquo
1836 5677 1898 5716 ac

317 5742 501 5797 rebelli
528 5759 697 5816 agam.

385 5835 514 5893 Car.
546 5835 711 5898 XXV.
738 5868 807 5880 —
831 5837 925 5895 llis
964 5839 1124 5897 minis
1156 5855 1276 5897 cum
1319 5841 1374 5899 in
1423 5857 1543 5900 eum
1588 5852 1738 5906 pater
1770 5860 1896 5902 usus

1975 1985 2221 2052 llespice,
2248 1999 2282 2037 ο
2314 1984 2447 2050 Rex,
2480 1984 2744 2052 siquidem
2774 1984 2949 2038 anima
2991 1998 3109 2039 mea
3137 1984 3429 2038 vehementi
3462 1982 3544 2037 tui

1970 2073 2241 2128 desiderio
2280 2074 2486 2143 ﬂagrat,
2535 2087 2693 2143 atque
2720 2075 2793 2129 ita
2821 2075 3036 2129 incensa
3070 2084 3178 2138 est,
3203 2083 3448 2141 tanquam
3489 2073 3549 2126 in

1970 2166 2087 2220 sitis
2116 2165 2310 2219 ardore
2338 2167 2391 2218 in
2424 2173 2565 2219 terra
2596 2165 2877 2233 inaquosa,
2907 2174 2960 2219 te
2990 2163 3399 2219 immortalitatis
3426 2162 3553 2215 fon-

1971 2266 2077 2310 tem
2110 2256 2500 2324 concupiscens
2539 2253 2714 2325 (Psal.
2743 2241 2895 2324 uti).
2926 2254 3002 2308 Ne
3028 2254 3206 2307 tradas
3235 2251 3420 2306 bestiis
3439 2252 3560 2304 aui-

1972 2362 2113 2400 mam
2164 2346 2512 2401 conﬁtentem
2565 2346 2697 2398 tibi:
2734 2352 2790 2399 et
2824 2345 3016 2399 animm
3064 2343 3311 2410 pauperis
3361 2342 3435 2395 tui
3487 2357 3557 2395 ne

1971 2437 2305 2491 obliviscaris
2337 2437 2388 2490 in
2421 2435 2580 2489 ﬁnem
2609 2433 2780 2506 (Psal.
2812 2435 3027 2503 Lxxttt).
3075 2435 3271 2488 Verqu
3305 2434 3432 2487 mihi
3462 2433 3558 2487 beo

1972 2525 2163 2580 nelicio
2193 2535 2284 2579 tuo
2313 2526 2583 2595 contingat
2606 2535 2663 2579 ut
2691 2540 2785 2593 per
2806 2540 3021 2579 omnem
3051 2525 3171 2578 Vitae
3203 2538 3420 2578 cursum
3455 2538 3553 2591 pro

1975 2626 2063 2671 tuo
2088 2618 2303 2671 nomine
2334 2628 2529 2685 tuaque
2552 2616 2889 2671 confessione
2918 2617 3094 2669 omnia
3121 2616 3407 2684 perpetiar,
3436 2629 3555 2667 me-

1972 2722 2076 2774 que
2108 2716 2277 2761 tatum
2319 2707 2413 2761 tibi
2442 2708 2733 2761 immolem.
2777 2706 2855 2761 Te
2894 2710 3038 2760 enim
3062 2706 3229 2760 robur
3268 2703 3553 2768 afferente,

1974 2797 2263 2852 imbecilles
2307 2798 2469 2851 etiam
2522 2798 2723 2851 viribus
2752 2796 2975 2865 pollent,
3015 2796 3266 2866 quoniam
3302 2804 3358 2850 tu
3407 2796 3558 2850 solus

1973 2890 2202 2943 invictus
2228 2904 2288 2943 es
2319 2899 2703 2958 propugnator,
2742 2903 2805 2941 ac
2834 2888 2976 2942 Deus
3025 2887 3354 2951 misericors,
3385 2900 3545 2954 quem

1972 2980 2224 3048 quidquid
2246 2991 2485 3035 creatum
2509 2992 2611 3046 est,
2640 2978 2908 3035 bettedicit
2937 2993 3002 3034 ac
3028 2979 3266 3034 celebrat
3288 2979 3340 3031 in
3361 2978 3556 3033 saecula

1973 3073 2313 3125 saeculorum.
2343 3070 2535 3124 Amen.

2050 3201 2158 3256 llac
2201 3201 2442 3255 oratione
2489 3200 2718 3267 functus,
2749 3201 2983 3254 divinam
3028 3199 3446 3254 consolationem
3501 3200 3553 3253 in

1981 3303 2163 3362 pectus
2192 3306 2346 3345 suum
2376 3291 2523 3345 illabi
2547 3292 2746 3357 sensit;
2774 3290 3070 3360 ﬁduciaque
3092 3290 3362 3360 perfusus,
3389 3300 3555 3344 totam

1978 3393 2186 3437 noctem
2216 3383 2268 3437 in
2294 3384 2555 3451 precibus
2574 3382 2830 3437 traduxit.
2865 3383 2976 3436 Rex
3008 3391 3185 3436 autem
3218 3397 3338 3436 cum
3367 3381 3434 3436 de
3466 3384 3557 3436 ﬁlii

1976 3484 2119 3529 statu
2149 3491 2270 3528 cum
2313 3477 2521 3529 Arachc
2561 3490 2837 3529 sermones
2879 3475 3216 3539 contulisset,
3247 3474 3453 3541 ipsique
3484 3475 3555 3526 ri—

1977 3567 2152 3636 gidam
2182 3568 2347 3637 ipsius
2377 3568 2676 3621 libertatem
2701 3568 2970 3635 animique
2997 3560 3048 3620 in
3079 3564 3342 3620 sententia
3378 3563 3559 3631 pervi-

1980 3659 2181 3712 caciam
2230 3657 2580 3723 declarasset,
2619 3657 2722 3711 hoc
2773 3656 3055 3711 consilium
3098 3656 3263 3724 capit,
3308 3663 3366 3707 ut
3403 3667 3560 3721 quam

1981 3747 2091 3801 ﬁeri
2111 3755 2292 3815 posset
2319 3745 2643 3800 amicissime
2667 3755 2825 3814 atque
2851 3745 3328 3813 obsequiosissime
3352 3758 3473 3798 cum
3496 3758 3563 3797 eo

1980 3838 2395 3908 colloqueretur,
2452 3836 2726 3891 blanditiis
2783 3835 3033 3891 videlicet
3086 3834 3447 3905 perfecturum
3500 3847 3561 3887 se

1984 3944 2208 3999 sperans
2238 3939 2295 3983 ut
2336 3945 2458 3983 eum
2491 3927 2557 3981 ad
2596 3942 2656 3982 se
2684 3930 3039 3995 pertraheret.
3094 3927 3341 3982 Crastino
3382 3927 3563 3993 itaque

1981 4023 2068 4076 die
2098 4022 2163 4075 ad
2195 4021 2358 4074 ﬁlium
2400 4037 2458 4074 se
2485 4019 2716 4083 confert,
2749 4034 2812 4074 ac
2860 4020 3080 4087 propius
3127 4017 3338 4080 sedens,
3388 4014 3563 4083 ipsum

1982 4130 2087 4169 arci
2110 4115 2224 4177 rsit,
2258 4124 2419 4184 atque
2445 4114 2818 4181 complectitur
2860 4121 2915 4166 et
2956 4111 3314 4173 exosculatur,
3347 4108 3567 4161 leniter-

1983 4221 2086 4274 que
2112 4218 2173 4258 ac
2201 4204 2403 4272 placide
2425 4204 2661 4271 irrepens
2683 4220 2695 4255 :
2719 4202 2763 4256 Ο
2783 4201 3095 4255 charissimc
3118 4209 3171 4254 et
3198 4198 3564 4256 amantissime

1987 4296 2093 4358 fili,
2127 4294 2330 4362 inquit,
2363 4294 2527 4361 patris
2555 4294 2802 4347 canitiem
2839 4294 3044 4347 honore
3074 4289 3249 4356 afﬁce,
3296 4288 3568 4358 precibus.

1986 4400 2090 4453 que
2122 4385 2255 4440 meis
2286 4385 2481 4439 auditis
2509 4385 2726 4450 accede,
2760 4400 2823 4438 ac
2854 4384 2959 4437 diis
2999 4382 3320 4437 sacriﬁcium
3349 4379 3564 4433 adhibe.

1992 4479 2081 4533 Sic
2109 4478 2250 4531 enim
2277 4486 2331 4532 et
2369 4479 2488 4532 illos
2517 4478 2773 4546 benignos
2804 4488 2857 4531 et
2885 4475 3069 4530 faciles
3101 4475 3376 4528 habiturus
3405 4487 3482 4536 es,
3516 4479 3571 4525 et

1989 4569 2197 4622 dierum
2228 4569 2655 4634 diuturnitatem,
2697 4568 3027 4635 gloriamque
3067 4579 3306 4630 omnem,
3348 4572 3402 4619 et
3432 4562 3571 4616 inof-

1992 4660 2199 4714 fensum
2254 4674 2504 4728 regnum,
2545 4660 2827 4728 omnisque
2874 4657 3088 4728 generis
3138 4648 3275 4710 bona
3323 4654 3392 4707 ab
3439 4652 3571 4719 ipsis

1993 4751 2278 4820 percipies,
2301 4760 2354 4804 et
2376 4750 2502 4803 mihi
2536 4751 2669 4820 patri
2704 4760 2792 4803 tuo
2823 4765 2913 4818 per
2942 4763 3155 4802 omnem
3188 4748 3344 4799 vitam
3377 4744 3574 4799 charos

1995 4845 2135 4905 eris;
2170 4860 2231 4897 ac
2255 4842 2483 4913 denique
2514 4830 2972 4910 hoc'assequeris,
3007 4851 3061 4895 ut
3098 4855 3285 4893 omnes
3326 4839 3571 4892 homines

1999 4949 2050 4992 te
2081 4939 2131 4992 in
2165 4938 2369 5021 horrore
2417 4938 2667 5003 habeant,
2721 4937 3071 5003 laudibusque
3101 4932 3343 4988 eﬂerant.
3391 4932 3575 4999 Siqui-

1995 5029 2115 5083 dem
2158 5030 2221 5082 ad
2260 5029 2468 5082 laudem
2517 5027 2911 5094 adipiscendam
2944 5025 3121 5094 magni
3170 5024 3392 5078 interest
3436 5022 3574 5091 patri

1996 5120 2240 5187 obedire,
2263 5135 2326 5174 ac
2356 5121 2651 5189 praesertim
2686 5119 2740 5172 in
2789 5120 2854 5172 iis
2894 5117 3077 5184 rebus,
3111 5131 3228 5184 qua:
3258 5113 3326 5168 ad
3378 5113 3576 5167 bonum

1998 5232 2051 5275 et
2080 5219 2145 5275 ad
2168 5218 2389 5275 deorum
2420 5221 2853 5275 benevolentiam
2881 5228 3146 5289 Spectant.
3180 5214 3450 5284 Quidnam
3482 5228 3580 5265 au-

1998 5327 2129 5388 tem,
2162 5320 2252 5385 ﬁli,
2285 5334 2496 5385 censes,
2529 5329 2704 5375 utrum
2736 5333 2804 5373 ne
2845 5334 2932 5373 me
2957 5318 3205 5373 consulto
3229 5331 3292 5370 ac
3324 5313 3392 5369 de
3420 5312 3580 5368 indu-

1999 5421 2127 5474 stria
2158 5435 2187 5474 a
2216 5422 2349 5475 bona
2374 5422 2456 5475 via
2486 5420 2798 5486 deﬂexisse,
2828 5433 2989 5489 atque
3017 5418 3342 5473 contrariam
3374 5413 3579 5485 ingredi

2000 5518 2288 5585 maluisse,
2344 5536 2410 5576 an
2450 5536 2577 5576 vero
2634 5520 2758 5575 boni
2805 5518 3145 5588 ignoratione
3197 5528 3253 5573 et
3305 5514 3573 5586 imperitia

2006 5622 2266 5691 metpsuut
2299 5622 2568 5693 pestiferis
2616 5622 2961 5693 dogmatibus
3006 5620 3312 5678 dedidisse?
3336 5619 3497 5678 Certe
3536 5622 3582 5675 sl

2006 5737 2092 5776 me
2121 5732 2310 5793 sponte
2350 5739 2415 5780 ac
2442 5724 2510 5780 de
2543 5720 2826 5789 industria,
2868 5731 3052 5777 contra
3107 5738 3269 5792 quam
3316 5721 3449 5776 utile
3487 5720 3581 5786 sit,

2008 5823 2143 5878 mala
2190 5822 2345 5879 bonis
2374 5824 2649 5894 praeferre,
2680 5834 3016 5892 mortemque
3045 5821 3148 5877 vita
3180 5821 3441 5891 potiorem
3480 5818 3585 5879 ιη-
