4010 6296
282 372 400 433 BH

769 373 922 433 VlTA
958 371 1376 435 SANCTGRUM
1419 370 1745 432 BARLAAM
1786 369 1868 425 ER

1982 370 2118 428 ΙΤΑΞ
2162 372 2251 429 ΕΤ
2290 367 2632 432 JOSAFHAT
2684 372 2888 429 lNDl/E
2928 377 3150 434 REGIS.

3464 381 3570 437 διε

283 494 431 549 bere
470 493 770 560 existimas,
802 493 1172 561 vehementer,
1223 510 1257 549 o
1300 493 1393 562 ﬁli,
1426 510 1456 548 τι
1495 502 1646 548 recto
1680 490 1883 562 judicio
1912 485 1961 544 A
1988 487 2185 542 bonum
2215 501 2295 546 est
2325 491 2550 559 invenit,
2582 492 2914 564 obtempera.
2950 495 3031 550 En
3061 499 3203 553 enim
3226 498 3568 558 demonstra-

280 588 422 640 tnilu
453 586 710 641 aberrare
738 586 955 641 videris.

364 682 447 732 Au
483 693 591 732 non
624 678 774 732 vides
805 688 935 746 quot
978 678 1232 732 aerumnis
1276 685 1331 733 et
1358 674 1740 731 afﬂictionibus
1772 690 1883 729 meo

284 771 474 835 ipsum
518 783 759 838 persaape
805 769 1029 833 tradam,
1065 780 1175 822 tum
1230 769 1284 823 in
1330 768 1762 837 expeditionibus
1790 766 1884 819 ad-

278 875 484 914 versus
526 861 730 923 hostes,
779 869 887 913 tum
921 862 971 915 in
1018 862 1353 930 publicorum
1395 860 1725 928 negotiorum
1760 874 1883 927 pro-

276 953 577 1008 curatione
608 952 871 1020 tneipsum
913 967 1203 1021 occupans,
1236 953 1372 1006 adeo
1402 961 1458 1004 ut
1493 950 1688 1005 l‘amem
1720 950 1881 1004 etiam

278 1059 350 1097 ac
384 1046 559 1110 sitim,
593 1060 729 1113 cum
755 1044 825 1099 ita
857 1060 1081 1100 necesse
1109 1055 1212 1110 est,
1244 1045 1535 1114 perferam,
1564 1060 1627 1100 ac
1657 1045 1882 1113 pedibus

279 1134 592 1201 ambulem,
622 1134 872 1203 humique
916 1149 1161 1188 somnum
1187 1133 1440 1203 carpam?
1486 1134 1657 1202 Opum
1698 1144 1878 1187 autem

276 1234 339 1279 et
375 1228 722 1295 pecuniarum
755 1236 897 1280 tanta
927 1227 979 1281 in
1012 1242 1096 1280 me
1122 1228 1452 1293 contemptio
1489 1241 1551 1279 ac
1579 1225 1882 1293 despicien-

278 1317 362 1369 tia
406 1327 514 1383 est,
556 1326 612 1370 ut
653 1317 927 1373 interdum
963 1315 1179 1386 profusa
1210 1334 1368 1371 manu
1413 1318 1594 1386 palatii
1625 1318 1728 1371 mei
1758 1317 1876 1372 the-

276 1422 482 1461 sauros
512 1410 845 1473 exltauriam,
877 1426 983 1475 quo
1013 1410 1341 1477 amplissima
1367 1410 1468 1462 diis
1504 1409 1727 1465 delubra
1778 1424 1879 1463 ex-

275 1508 517 1564 struam,
550 1502 801 1569 omnique
829 1512 1024 1555 ornatu
1068 1503 1351 1568 illustrem,
1397 1512 1486 1555 aut
1531 1502 1874 1571 pecuniarum

274 1606 514 1663 aggeres
544 1592 804 1646 militibus
835 1592 1209 1648 liberalissime
1238 1592 1577 1646 distribuam.
1616 1592 1746 1646 Cum
1777 1592 1877 1646 ita-

274 1700 394 1751 que
423 1692 600 1738 tantus
644 1685 695 1737 in
729 1699 815 1738 me
854 1685 1182 1752 voluptatum
1236 1692 1599 1751 contemptus,
1635 1692 1778 1736 tanta
1822 1682 1874 1735 in

275 1776 544 1843 periculis
571 1775 853 1830 tolerantia
885 1777 972 1837 sit.
992 1774 1037 1828 si
1066 1774 1411 1829 Galilmorum
1442 1774 1782 1843 religionem,
1810 1788 1874 1827 ea

276 1880 451 1931 quam
485 1866 733 1921 manibus
786 1875 1024 1921 tenemus
1060 1864 1486 1933 praestantiorem
1524 1878 1645 1918 esse
1673 1877 1871 1932 Cogno-
1904 1843 1953 1903 Β

271 1967 519 2021 acerem,
552 1970 620 2009 an
648 1971 754 2010 non
781 1969 989 2008 summo
1010 1954 1188 2008 studio
1218 1953 1269 2007 id
1293 1967 1530 2021 agerem,
1556 1961 1612 2006 ut
1635 1964 1876 2007 cootem-

272 2047 396 2113 ptis
424 2047 674 2100 omnibus
697 2047 878 2110 rebus,
919 2046 1145 2099 salutem
1177 2044 1307 2097 mibi
1349 2044 1754 2111 compararem?
1784 2042 1877 2097 Sin

276 2144 469 2189 autem
490 2136 619 2189 milii
649 2136 773 2191 boni
800 2135 1187 2203 ignorationem
1208 2145 1369 2204 atque
1400 2134 1721 2202 imperitiam
1752 2133 1878 2189 vitio

276 2228 481 2290 vertis,
537 2228 667 2282 illud
724 2238 896 2282 tecum
955 2236 1161 2294 reputa,
1206 2234 1338 2296 quot
1383 2236 1571 2281 noctes
1618 2227 1877 2282 insomnis

274 2320 592 2384 exegerim,
650 2321 947 2384 quaastione
992 2319 1171 2387 aliqua
1210 2318 1514 2386 proposita,
1561 2328 1616 2374 et
1662 2318 1875 2387 quidem

286 2409 564 2464 interdum
591 2409 730 2464 haud
755 2410 1041 2463 admodum
1072 2410 1397 2473 necessaria,
1427 2409 1630 2463 nullam
1653 2410 1877 2463 omnino

278 2504 418 2558 inibi
449 2502 689 2572 requiem
730 2503 1051 2559 concedens.
1094 2502 1405 2569 priusquam
1446 2502 1784 2569 perSpicuam
1814 2510 1867 2555 et

276 2594 900 2650 accommodatissimam
934 2589 1093 2659 301
1132 2592 1299 2661 ipsius
1350 2590 1676 2646 solutionem
1721 2592 1875 2647 inve-

275 2690 506 2745 nissent.

352 2778 609 2845 Quocirca
639 2793 761 2833 cum
791 2776 1108 2832 caducarum
1139 2777 1327 2831 barum
1372 2794 1554 2833 rerum
1586 2792 1651 2833 ne
1697 2776 1858 2831 mini-

280 2888 429 2925 mam
459 2871 673 2941 quidem
701 2868 1148 2924 contemnendam
1195 2869 1407 2935 ducam,
1439 2884 1622 2923 verum
1651 2869 1871 2923 omnino

276 2960 700 3015 conducibiliter
726 2967 887 3029 atque
923 2958 991 3012 ad
1009 2960 1247 3013 omnium
1268 2959 1551 3014 utilitatem
1578 2973 1693 3012 eam
1711 2973 1873 3011 excu-

279 3054 414 3105 tiam
437 3059 493 3106 et
509 3051 782 3106 absolvam
812 3049 914 3122 (sic
938 3050 1082 3104 enim
1117 3052 1257 3104 inter
1279 3062 1466 3103 omnes
1511 3058 1759 3103 constare
1787 3062 1871 3101 ar-

280 3141 485 3207 bitror,
531 3142 798 3196 neminem
856 3139 1091 3194 omnium
1145 3139 1235 3209 qui
1266 3138 1366 3194 sub
1393 3139 1506 3193 sole
1542 3147 1691 3205 sunt,
1714 3151 1869 3191 arca-

279 3248 479 3286 narum
507 3246 690 3286 rerum
715 3230 1075 3299 cognitionem
1112 3230 1414 3284 accuratius
1453 3244 1685 3298 unquam
1714 3230 1863 3283 inve-

276 3322 510 3391 stigasse
538 3337 693 3391 quam
723 3322 838 3390 ip~e
861 3318 1121 3391 fecerim),
1171 3335 1400 3390 quonam
1437 3330 1589 3388 pacto
1617 3336 1704 3375 res
1729 3321 1867 3375 divi-

280 3427 407 3477 nas,
443 3422 497 3466 et
523 3426 584 3465 ea
627 3425 746 3480 qua:
792 3410 1036 3465 venerari
1067 3425 1129 3463 ac
1156 3410 1375 3463 deorum
1409 3412 1617 3464 honore
1652 3409 1867 3465 afﬁcere

282 3513 527 3574 oportet,
559 3502 954 3558 contemnenda
986 3502 1279 3563 duxissem.
1305 3516 1369 3555 ac
1397 3516 1501 3555 non
1524 3503 1702 3570 potius
1722 3502 1865 3555 omni

278 3596 485 3660 studio,
509 3595 759 3649 omnibus
789 3592 1013 3657 viribus,
1051 3600 1163 3644 toto
1187 3589 1421 3659 denique
1465 3595 1645 3644 aniuo
1669 3606 1730 3643 ac
1761 3600 1867 3644 tota

278 3695 464 3742 mente
487 3687 539 3740 in
564 3699 748 3740 eorum
777 3682 1193 3752 investigatione
1232 3692 1442 3750 tempus
1469 3692 1628 3749 atque
1647 3695 1866 3749 cperam

279 3779 605 3847 posuissem,
647 3783 707 3829 ut
762 3790 881 3844 qua:
939 3788 1067 3828 vera
1120 3782 1175 3827 et
1226 3773 1455 3827 maxime
1505 3783 1866 3827 consentanea

282 3878 435 3933 sunt,
467 3866 805 3922 invenirem?
842 3865 1048 3919 Etenim
1097 3875 1291 3930 magno
1342 3878 1461 3918 cum
1490 3862 1670 3916 labore
1700 3862 1775 3915 sic
1803 3876 1867 3914 ea

278 3958 532 4028 qu:esivi,
558 3966 616 4009 ut
646 3964 700 4009 et
728 3954 925 4009 multas
956 3960 1143 4007 noctes
1191 3966 1253 4005 ac
1300 3951 1496 4005 multos
1542 3951 1657 4005 dies
1702 3951 1754 4004 in
1785 3950 1867 4003 bis

278 4046 738 4116 consumpserim,
768 4054 824 4099 et
868 4045 1066 4097 multos
1094 4044 1218 4096 item
1247 4043 1520 4111 sapientes
1543 4052 1597 4096 et
1622 4041 1865 4095 eruditos

279 4145 427 4195 viros
457 4140 524 4193 ad
572 4136 856 4192 consilium
913 4134 1273 4199 adhibuerim,
1327 4143 1488 4201 atque
1530 4131 1691 4187 etiam
1744 4128 1866 4185 cum

281 4230 472 4285 multis
515 4243 701 4284 eorum
751 4240 843 4288 qut
890 4224 1180 4278 Christiani
1230 4223 1563 4291 appellantur
1589 4234 1866 4275 sermones

286 4323 632 4379 contulerim.
666 4324 745 4374 Ac
775 4333 869 4386 per
895 4317 1176 4385 impigram
1204 4314 1649 4385 conquisitionem
1679 4320 1735 4368 et
1774 4327 1862 4366 ar-

282 4417 501 4472 dentem
534 4413 1021 4481 investigationem,
1075 4410 1159 4463 via
1209 4408 1448 4462 veritatis
1481 4422 1508 4458 a
1537 4422 1623 4460 me
1649 4408 1875 4459 inventa-

280 4520 382 4574 est,
413 4509 711 4576 sapientum
739 4504 971 4559 virorum
998 4511 1158 4570 atque
1198 4509 1307 4554 tum
1344 4500 1606 4568 doctrina,
1642 4508 1751 4552 tum
1778 4499 1860 4552 iit-

1991 587 2099 632 tum
2127 590 2207 634 est
2239 597 2324 636 me
2352 598 2450 638 uec
2476 595 2670 653 sponte
2698 600 2797 639 nec
2830 602 2923 654 per
2948 587 3334 657 ignorationem
3362 607 3392 646 a
3425 594 3567 650 bono

1987 673 2289 736 aberrasse,
2321 690 2505 729 verum
2528 687 2580 730 et
2603 676 2733 731 illud
2766 678 3032 732 invenisse
3061 694 3109 733 et
3142 683 3435 749 accepisse.
3465 681 3569 737 Cu-

1990 761 2074 828 pio
2098 772 2274 815 autem
2306 772 2359 818 te
2387 779 2597 834 quoque
2624 767 2675 819 in
2698 768 2862 820 stulto
2884 784 3067 823 errore
3090 769 3312 826 minime
3337 773 3565 837 versari,

1987 868 2173 909 vermn
2208 858 2342 912 meis
2360 859 2593 927 vestigiis
2613 860 2850 925 ltazrere;
2883 863 3230 931 quamobrem
3260 861 3341 918 lac.
3361 875 3568 933 patrem

1985 955 2134 1003 tuutu
2167 952 2423 1005 verearis.
2455 954 2533 1005 An
2564 954 2739 1007 nescis
2767 965 3023 1022 quantum
3081 955 3275 1010 bonum
3320 960 3391 1011 sit
3431 959 3566 1026 patri

1984 1038 2381 1106 obtemperare,
2410 1052 2571 1111 atque
2619 1044 2720 1114 ipsi
2776 1044 2829 1098 in
2856 1046 3106 1099 omnibus
3136 1047 3295 1101 rebus
3322 1047 3566 1115 obsequi,

1981 1131 2433 1196 quemadmodum
2468 1143 2651 1187 contra
2680 1149 2837 1203 quam
2888 1134 3173 1189 exitiosum
3205 1146 3260 1190 et
3281 1152 3567 1191 exsecran-

1982 1216 2108 1270 dum
2141 1219 2304 1285 patris
2326 1222 2559 1275 aoimum
2593 1224 2938 1289 exacerbare,
2993 1226 3266 1293 ipsiusque
3288 1225 3435 1295 jussa
3471 1242 3567 1293 pro

1981 1311 2150 1363 nihilo
2174 1311 2407 1367 habere?
2435 1315 2633 1369 Omnes
2661 1316 2804 1370 enim
2847 1320 2939 1383 qui
2984 1318 3101 1373 lucc
3132 1322 3391 1385 iecerunt,
3424 1322 3568 1376 malo

1978 1404 2167 1456 mortis
2195 1418 2394 1472 genere
2423 1405 2762 1462 interierunt.
2795 1407 2913 1475 Quo
2959 1410 3010 1462 in
3061 1425 3308 1472 numero,
3336 1410 3430 1475 liii,
3463 1412 3567 1465 uti-

1981 1506 2102 1545 nam
2134 1508 2200 1546 ne
2228 1496 2531 1548 censearis!
2562 1511 2748 1551 verum
2778 1512 2838 1551 ea
2863 1514 2980 1565 qua:
3009 1499 3216 1565 parenti
3247 1512 3394 1570 grata
3418 1509 3565 1565 sunt,

1978 1584 2205 1651 iaciens,
2258 1586 2517 1642 bonorum
2568 1589 2805 1644 omnium
2865 1605 3088 1659 compos
3137 1591 3253 1647 ﬁas.
3306 1593 3568 1662 regnique

1979 1677 2081 1730 mei
2102 1675 2280 1731 haeres
2306 1678 2403 1733 sis.

2051 1808 2416 1877 Magnanimos
2447 1819 2644 1877 autem,
2678 1826 2740 1865 ac
2792 1826 2920 1866 vere
2973 1812 3172 1867 nobilis
3226 1812 3562 1882 adolescens,

1982 1916 2103 1955 cum
2163 1916 2616 1971 supervacaneam
2675 1905 2845 1973 patris
2902 1905 3200 1959 orationem
3251 1921 3313 1960 ac
3343 1910 3559 1962 stultum

1982 1992 2264 2046 consilium
2308 1993 2590 2054 audiisset.
2632 2005 2792 2062 atque
2843 1994 3068 2050 ﬂexuosi
3119 1997 3388 2065 serpentis
3421 2004 3566 2053 artes

1982 2083 2478 2148 animadvertisset,
2513 2100 2705 2154 nempe
2727 2086 2869 2154 quod
2897 2102 2924 2140 a
2959 2087 3164 2142 dextris
3206 2088 3454 2158 laqueunt
3483 2106 3566 2157 pc-

1982 2175 2137 2230 dibus
2165 2177 2331 2245 ipsius
2365 2184 2627 2244 parasset,
2679 2179 2730 2232 id
2783 2179 2989 2234 scilicet
3018 2194 3181 2250 agens
3219 2195 3282 2234 ac
3312 2182 3562 2246 moliens,

1983 2275 2043 2320 ut
2072 2266 2307 2321 divinam
2331 2267 2498 2334 ipsius
2525 2271 2755 2322 animam
2803 2271 3119 2335 iullecteret,
3159 2281 3319 2340 atque
3364 2272 3463 2342 ipsi
3495 2274 3562 2327 ad

1980 2360 2307 2426 prapositam
2368 2360 2596 2426 palmam
2653 2361 3095 2429 impedimentum
3138 2363 3380 2428 allerret,
3432 2364 3563 2419 illud

1982 2445 2192 2499 Domini
2223 2457 2548 2516 praeceptum
2580 2448 2683 2502 sibi
2715 2460 2839 2504 ante
2856 2451 3038 2504 oculos
3067 2452 3418 2519 posuitzNon
3446 2454 3565 2508 vcni

1979 2538 2194 2591 mittere
2244 2553 2456 2606 pacem,
2518 2539 2611 2592 scd
2661 2539 2919 2610 gladium.
2977 2540 3105 2595 Veni
3135 2544 3278 2595 enim
3311 2554 3565 2611 separare

1978 2628 2143 2681 lilium
2167 2630 2429 2709 adversus
2458 2642 2662 2698 patrem
2687 2646 2870 2701 suum,
2903 2645 2955 2689 et
2984 2634 3143 2688 ﬁliam
3165 2635 3425 2690 adversus
3456 2652 3565 2690 nta-

1976 2728 2109 2775 trem
2140 2736 2313 2786 suam,
2342 2733 2395 2778 et
2426 2739 2544 2791 qua:
2574 2726 2827 2792 deinceps
2878 2738 3174 2795 sequuntur
3223 2726 3435 2794 (Matth.
3478 2730 3563 2797 x).

2046 2829 2284 2903 llludque
2313 2835 2437 2888 item
2471 2852 2482 2887 :
2517 2836 2615 2901 Qui
2644 2844 2788 2889 amat
2818 2847 3020 2905 patrem
3060 2847 3153 2892 aut
3183 2849 3405 2893 matrem
3438 2841 3556 2907 plus

1972 2936 2128 2991 quam
2155 2939 2260 2988 me,
2286 2940 2391 2978 non
2423 2936 2505 2978 est
2535 2941 2621 2980 tne
2647 2925 2859 2995 dignus.
2891 2931 2966 2982 Ac
2991 2944 3199 2983 rursum
3232 2931 3358 2983 iilud
3390 2948 3403 2983 :
3432 2931 3583 2998 Quir

1971 3028 2179 3084 cunque
2203 3030 2285 3069 me
2313 3017 2589 3088 negaverit
2610 3033 2789 3071 coram
2815 3018 3140 3084 hominibus,
3166 3020 3372 3089 negabo
3396 3022 3556 3074 etiam

1973 3120 2093 3159 eum
2140 3122 2321 3161 coram
2354 3108 2510 3163 Patre
2559 3123 2698 3175 meo,
2730 3111 2817 3178 qui
2848 3111 2901 3164 in
2931 3112 3084 3166 caelis
3116 3122 3219 3167 est.
3268 3113 3396 3168 Ha'c
3438 3130 3560 3169 cum

1893 3213 1940 3276 (ς
1971 3212 2149 3252 secum
2184 3200 2295 3268 ipse
2326 3211 2647 3271 reputasset,
2679 3203 2967 3272 divinoque
2999 3216 3139 3259 metu
3169 3206 3400 3259 animam
3434 3223 3560 3260 cou-

1970 3291 2293 3352 Striuxiaset.
2329 3292 2455 3345 illud
2489 3293 2791 3347 Salomonis
2818 3296 3015 3348 dictum
3058 3313 3316 3367 perquam
3354 3308 3560 3366 tempe-

1968 3384 2103 3435 Stive
2128 3386 2400 3451 u~urpavit
2424 3400 2439 3437 :
2463 3385 2698 3454 Tempus
2727 3388 2959 3452 amandi,
2991 3398 3044 3441 et
3076 3397 3282 3456 tempus
3310 3391 3560 3455 odiendi;

1973 3484 2181 3543 tempus
2214 3477 2360 3542 belli,
2386 3486 2441 3532 et
2464 3488 2669 3547 tempus
2696 3483 2835 3548 pacis
2864 3479 3056 3551 (Ecclc.
3087 3482 3191 3551 tu).
3226 3484 3301 3537 Ac
3333 3483 3558 3551 primunt

1970 3567 2183 3635 quidem
2219 3579 2394 3621 mente
2425 3571 2489 3621 ad
2525 3570 2665 3623 hunc
2711 3571 2931 3624 modum
2974 3583 3220 3640 precatus
3250 3583 3330 3627 cst
3360 3591 3371 3625 :
3403 3574 3559 3627 Μεδε-

1970 3670 2088 3710 rere
2118 3657 2242 3722 mei,
2274 3658 2435 3723 Deus,
2470 3660 2725 3713 miserere
2755 3662 2879 3724 mei,
2904 3650 3152 3728 quoniam
3188 3662 3239 3714 in
3271 3670 3323 3715 te
3339 3662 3559 3716 conlidit

1970 3747 2145 3798 anima
2180 3762 2325 3812 mea;
2358 3756 2412 3801 et
2453 3748 2501 3799 itt
2555 3749 2740 3803 umbra
2792 3749 2993 3801 alarum
3048 3758 3256 3803 tuarum
3306 3751 3558 3820 sperabo,

1971 3836 2139 3890 donec
2182 3848 2414 3891 transeat
2445 3838 2718 3906 iniquitas.
2766 3837 3020 3893 Clannabo
3051 3840 3115 3892 ad
3150 3840 3315 3895 Deum
3360 3842 3558 3896 alti~si~

1969 3943 2138 3992 mum,
2170 3927 2332 3982 Deum
2365 3930 2452 3995 qui
2483 3929 2619 3985 bene
2642 3930 2767 3985 fecit
2796 3931 2926 3983 mihi
2959 3930 3133 4000 (Psal.
3164 3933 3309 4004 Lvt);
3340 3949 3406 3990 ac
3434 3936 3557 3990 reli-

1970 4034 2069 4090 qua
2102 4035 2221 4090 qua:
2248 4021 2499 4092 deinceps
2530 4024 2582 4076 in
2614 4022 2820 4092 psalmo
2850 4032 3167 4091 sequuntur.

2041 4132 2168 4188 Post
2195 4143 2373 4189 autem
2405 4135 2471 4189 ad
2504 4144 2708 4204 patrem
2750 4134 2834 4190 bis
2886 4135 3068 4190 verbis
3119 4151 3244 4193 usus
3295 4147 3377 4194 est
3407 4157 3418 4191 :
3454 4138 3553 4193 Pa-

1971 4234 2105 4279 trem
2145 4226 2359 4297 quidem
2399 4229 2594 4293 colcre,
2641 4239 2801 4298 atque
2850 4229 3016 4297 ipsius
3061 4230 3302 4299 imperiis
3340 4246 3557 4302 parere,

1970 4316 2180 4384 ipsique
2207 4318 2380 4372 amico
2409 4328 2461 4372 et
2506 4319 2761 4374 benevolo
2786 4321 2969 4374 animo
3000 4321 3287 4390 inservire,
3315 4337 3556 4379 commu-

1968 4411 2051 4462 nis
2077 4411 2327 4478 magister
2359 4422 2540 4466 noster
2569 4412 2725 4466 docet
2748 4411 2944 4481 (Exod.
2973 4412 3088 4483 xx),
3124 4423 3179 4467 ut
3222 4414 3311 4483 qui
3341 4424 3556 4468 natura-

1970 4499 2072 4552 lem
2096 4501 2392 4568 liujusmodi
2415 4501 2729 4558 cbaritatem
2756 4503 3025 4557 inanimis
3052 4515 3250 4558 nostris
3273 4506 3550 4562 inseverit.

281 4604 439 4673 genio
467 4600 814 4670 prwditorunt
869 4595 1177 4651 testimonio
1227 4594 1560 4649 conﬁrmata.
1619 4594 1854 4659 Quorum
1888 4583 1944 4643 D
1968 4593 2034 4642 At
2059 4604 2177 4643 cum
2204 4603 2478 4656 parentum
2507 4608 2659 4648 amor
2681 4604 2840 4663 atque
2880 4609 3007 4664 erga
3045 4609 3139 4649 eos
3176 4595 3551 4651 benevolentia

282 4698 399 4749 haec
418 4691 680 4748 sententia
699 4700 799 4756 est,
816 4687 1013 4742 nullam
1038 4687 1196 4740 aliam
1216 4700 1334 4740 esse
1351 4696 1544 4755 praeter
1560 4699 1676 4738 eam
1700 4699 1857 4753 quant

280 4788 545 4840 hodierno
583 4783 672 4837 die
723 4790 991 4839 tenemus.
1041 4793 1281 4831 summus
1333 4778 1464 4830 deos
1508 4776 1771 4839 colentes,
1799 4789 1861 4827 ac

279 4878 493 4932 dulcem
522 4887 578 4930 et
616 4887 737 4927 cum
766 4871 1041 4939 voluptate
1065 4874 1399 4936 conjunctam
1423 4867 1585 4921 vitam
1610 4869 1861 4921 omnibus

284 4967 591 5021 nominibus
618 4963 857 5031 ipsorum
888 4974 1109 5015 munere
1161 4974 1497 5023 concessam,
1528 4974 1589 5013 ac
1613 4959 1858 5027 jucundi-

280 5070 389 5116 tate
410 5061 678 5129 animique
692 5059 1087 5113 oblectamento
1110 5055 1376 5125 perfusam
1396 5057 1693 5112 arctissime
1711 5072 1859 5111 com-

279 5153 595 5220 plectentcs.
625 5150 795 5218 Quam
819 5148 1036 5218 quidem
1068 5146 1408 5202 Galilzeorum
1440 5149 1603 5203 duces
1643 5158 1698 5203 et
1722 5148 1858 5203 anti-

284 5244 443 5299 stites
468 5245 631 5299 stulte
658 5243 990 5312 repulerunt,
1038 5239 1181 5295 adeo
1214 5249 1273 5293 ut
1314 5256 1477 5296 suave
1525 5242 1627 5295 hoc
1652 5242 1852 5308 lumen,

286 5347 449 5404 atque
478 5350 668 5389 omnes
712 5333 1037 5401 voluptates,
1088 5346 1221 5401 quas
1275 5332 1430 5384 nobis
1482 5331 1732 5386 [tuendas
1781 5331 1857 5387 dii

278 5435 690 5493 concesserunt,
738 5426 957 5481 alterius
1011 5422 1287 5491 cujusdam
1344 5422 1561 5479 incerta;
1609 5423 1731 5477 vita:
1759 5438 1855 5491 spe

280 5528 528 5588 prompto
561 5519 740 5571 animo
778 5515 1055 5581 abjiciant,
1106 5513 1406 5567 nescientes
1451 5512 1726 5578 videlicet,
1758 5527 1856 5568 nec

278 5611 402 5681 quid
422 5610 624 5675 dicant,
654 5622 753 5662 nec
779 5607 846 5662 de
867 5605 1059 5675 quibus
1082 5603 1352 5659 alﬁrment
1373 5602 1425 5673 (I
1452 5604 1586 5662 Tim.
1618 5605 1680 5671 ι).

349 5703 429 5757 Tu
456 5715 606 5767 vero,
637 5698 954 5755 cbarissime
982 5696 1080 5763 ﬁli,
1110 5696 1245 5766 patri
1279 5706 1393 5762 tuo,
1424 5697 1511 5764 qui
1566 5712 1660 5766 per
1690 5712 1854 5754 accu-

285 5804 454 5848 ratam
478 5805 541 5849 se
570 5790 898 5849 verissimam
930 5788 1390 5858 investigationem
1432 5787 1483 5845 id
1539 5788 1678 5858 quod
1732 5804 1856 5849 vero

1968 4683 2164 4735 anima:
2203 4684 2299 4751 ipsi
2332 4688 2624 4751 periculum
2652 4696 2821 4750 crcat,
2850 4700 3076 4755 eamque
3124 4702 3153 4739 a
3198 4703 3410 4741 summo
3461 4689 3552 4743 illo

1967 4775 2216 4829 ell'cctore
2246 4775 2428 4841 procul
2471 4787 2729 4839 removet,
2760 4776 2902 4833 hunc
2926 4779 3174 4834 allectum
3206 4796 3425 4847 prorsus
3456 4798 3554 4837 ex-

1967 4868 2214 4923 scindere
2242 4867 2511 4936 iubemur,
2557 4883 2622 4922 ac
2650 4871 2798 4924 nullo
2829 4870 2987 4925 modo
3028 4872 3093 4926 iis
3121 4874 3212 4940 qui
3244 4886 3342 4927 nos
3378 4887 3408 4928 a
3442 4874 3552 4929 Deo

1967 4958 2281 5013 abstrahunt
2304 4958 2497 5013 cedere
2535 4972 2597 5012 ac
2622 4974 2813 5014 manus
2855 4961 3005 5023 dare,
3038 4976 3222 5015 verum
3251 4976 3345 5016 eos
3370 4962 3551 5019 odisse

1966 5060 2021 5105 et
2054 5051 2291 5105 aversari
2325 5068 2337 5103 :
2370 5050 2613 5119 quamvis
2640 5054 2800 5105 etiam
2848 5052 2892 5106 is
2918 5068 3006 5121 qui
3036 5054 3363 5110 exsecranda
3408 5070 3553 5124 pre-

1962 5143 2091 5211 cipit
2120 5152 2269 5212 pater
2314 5143 2405 5208 sit,
2435 5144 2677 5211 quamvis
2708 5153 2897 5207 mater,
2929 5146 3174 5213 quamvis
3211 5160 3329 5210 rex,
3359 5162 3551 5218 quam-

1966 5237 2046 5289 vis
2069 5236 2297 5304 denique
2326 5250 2490 5303 penes
2511 5250 2632 5289 eum
2662 5237 2786 5290 vita:
2816 5246 3014 5291 nostra:
3044 5247 3276 5303 potestas
3301 5250 3391 5296 sit.
3417 5242 3549 5307 Qua

1960 5343 2081 5383 cum
2115 5330 2185 5382 ita
2220 5328 2347 5393 sint,
2378 5337 2612 5395 paternae
2659 5328 3045 5383 benevolentia:
3072 5344 3229 5384 causa
3257 5330 3350 5386 Dei
3374 5333 3552 5399 jactu-

1962 5434 2077 5474 ram
2104 5418 2280 5474 facere
2310 5432 2524 5485 prorsus
2552 5433 2797 5487 nequeo;
2826 5433 2889 5473 ac
2914 5419 3136 5487 proinde
3162 5430 3271 5475 tum
3296 5422 3391 5477 tibi
3421 5424 3545 5493 ipsi,

1964 5521 2075 5567 tum
2114 5511 2241 5566 mihi
2294 5510 2562 5580 negotium
2614 5510 2881 5564 facessere
2930 5510 3146 5577 desine;
3179 5529 3364 5568 verum
3415 5515 3548 5570 mibi

1962 5618 2163 5658 morem
2195 5617 2340 5672 gere,
2372 5617 2436 5657 ac
2474 5602 2649 5656 vivum
2697 5611 2751 5657 et
2797 5617 2979 5657 verum
3014 5604 3177 5659 Deum
3208 5607 3368 5662 ambo
3395 5606 3542 5660 cola-

1962 5710 2098 5752 mus.
2123 5695 2252 5751 Nam
2281 5710 2398 5766 qua:
2428 5708 2569 5749 nunc
2595 5695 2885 5761 veneraris,
2918 5694 3205 5752 simulacra
3251 5704 3397 5757 sunt,
3445 5695 3542 5747 lio-

1961 5790 2161 5847 mittum
2194 5790 2435 5847 manibus
2461 5787 2670 5856 enecta,
2697 5788 2924 5864 spiritus
2969 5790 3207 5858 expertia
3258 5797 3317 5844 et
3355 5786 3538 5854 surda,
