4010 6272
372 398 480 455 διδ

1403 397 1492 454 DE
1533 394 1713 451 VITIS
1752 391 2038 450 PATRUM
2081 390 2282 446 LIBER
2333 390 2605 448 PRIMUS.

3548 393 3655 452 δη

373 520 611 590 aihilque
637 518 858 575 omnlno
886 517 1026 574 aliud
1057 531 1214 588 quam
1247 516 1470 571 exitium
1499 513 1956 583 etsetnpiternum
1990 509 2038 567 Α
2065 505 2199 560 sicut
2247 506 2383 563 liber
2422 509 2741 575 involvetur,
2775 516 2915 562 terra
2944 515 3122 562 autem
3164 507 3378 563 effracta
3408 510 3650 566 omnium

369 618 661 671 crueiatum
690 613 986 667 cultoribus
1015 612 1127 666 suis
1150 611 1508 664 accersentia.

441 703 537 760 Siti
581 711 755 758 autem
787 703 836 756 id
888 715 1126 764 recusas,
1161 699 1414 768 quidquid
1449 699 1611 761 lubet,
1641 697 1767 750 mihi
1800 696 1954 761 infer,

375 809 565 849 servus
603 795 744 848 enim
774 793 973 849 Christi
1001 808 1140 847 sum.
1174 792 1249 844 Ac
1281 805 1453 860 neque
1480 789 1750 845 blanditiis
1789 802 1959 855 neque

374 887 654 940 tormentis
701 884 768 938 ab
824 883 942 953 ejus
985 884 1143 953 302
1174 897 1356 935 amore
1379 882 1676 935 desciscatn
1717 896 1730 932 :
1763 894 1954 948 quem-

371 975 658 1028 admodum
713 976 873 1028 etiam
930 973 1103 1042 pridie
1152 971 1244 1024 tibi
1276 971 1406 1032 dixi,
1453 969 1661 1023 Domini
1714 969 1815 1022 mei
1866 981 1958 1021 no-

375 1082 498 1121 men
530 1069 898 1133 interponens,
941 1079 1004 1118 ac
1033 1078 1340 1119 sermonem
1390 1061 1705 1127 interposito
1746 1059 1958 1127 jureju-

373 1158 542 1213 rando
572 1159 916 1212 coufirmans.
950 1157 1099 1224 Quod
1127 1165 1302 1210 autem
1345 1170 1443 1209 nec
1492 1165 1542 1209 te
1584 1164 1774 1223 Sponte
1824 1154 1961 1206 male

372 1264 552 1318 agere,
581 1265 679 1303 nec
710 1264 920 1302 rursum
954 1249 1286 1316 ignoratione
1326 1261 1356 1300 a
1389 1248 1529 1301 bono
1575 1247 1829 1300 aberrare
1878 1245 1961 1299 di-

373 1344 517 1407 xisti,
552 1358 734 1396 verum
766 1343 964 1410 ingenti
997 1356 1060 1395 ac
1107 1341 1370 1394 laboriosa
1417 1338 1828 1408 investigatione
1860 1337 1963 1392 huc

373 1434 710 1500 cognovisse,
742 1447 936 1499 nempe
984 1432 1179 1484 bonum
1209 1445 1332 1484 esse
1361 1429 1645 1483 simulacra
1672 1427 1869 1486 colere.
1898 1443 1962 1482 ac

375 1521 652 1575 libidinum
685 1520 1046 1588 voluptatibus
1085 1519 1308 1572 affixum
1339 1534 1475 1581 esse,
1512 1527 1661 1573 certe
1691 1527 1742 1571 te
1771 1527 1962 1585 sponte

375 1614 514 1665 tnale
548 1625 706 1680 agere
746 1610 926 1663 dicere
957 1607 1093 1662 haud
1126 1623 1353 1678 nequeo.
1386 1608 1536 1674 Quod
1565 1618 1743 1661 autem
1773 1622 1961 1674 magna

375 1705 601 1756 inscitia:
629 1701 858 1770 caligine
886 1701 1243 1754 circumfusus
1274 1702 1369 1768 sis,
1403 1717 1464 1753 ac
1497 1711 1747 1769 tanquam
1778 1700 1830 1752 itt
1857 1708 1963 1751 tra-

372 1792 656 1847 etabLlibus
702 1792 940 1846 tenebris
978 1792 1278 1853 ambulans,
1313 1807 1378 1846 ne
1424 1794 1701 1845 minimum
1749 1790 1959 1859 quidem

2063 597 2363 658 hominum.
2396 599 2486 667 qui
2527 614 2756 666 unquam
2787 614 2814 652 a
2840 599 2996 668 primi
3028 598 3260 653 hominis
3290 601 3481 654 Adami
3530 613 3653 658 ortu

2061 703 2230 753 uSque
2253 690 2318 742 ad
2347 692 2486 744 diem
2515 691 2663 744 illutn
2693 690 2925 757 fuerunt,
2945 678 3166 760 corpora
3187 706 3400 746 sursum
3418 693 3649 764 emittet,

2061 795 2122 833 ac
2149 790 2257 835 tum
2281 784 2593 852 omnes,qui
2623 783 2832 838 aborbe
2856 785 3072 839 condito
3098 796 3270 839 morte
3301 784 3464 840 functi
3503 797 3652 853 sunt,

2062 869 2116 923 in
2150 872 2256 924 ictu
2304 874 2442 926 oculi
2500 873 2567 928 ad
2615 873 2822 928 Domini
2872 874 3100 929 tribunal
3149 878 3433 943 sistentur,
3490 887 3654 948 atque

2064 965 2427 1032 unusquisque
2472 980 2658 1018 rerum
2692 966 2743 1019 in
2779 965 2884 1020 vita
2923 976 3196 1035 gestarum
3237 969 3498 1023 rationem
3529 970 3655 1022 red-

2061 1052 2151 1106 det
2177 1050 2227 1121 (I
2255 1053 2374 1107 Cor.
2409 1055 2521 1124 xv).
2545 1055 2696 1111 Tunc
2721 1057 2869 1124 iusti,
2900 1058 2988 1126 qui
3036 1058 3087 1111 in
3120 1058 3331 1112 Patrem
3361 1067 3417 1114 et
3459 1059 3649 1116 Filium

2063 1157 2126 1195 ac
2175 1142 2435 1211 Spiritum
2474 1155 2720 1200 sanetum
2751 1146 3114 1211 crediderunt,
3156 1159 3320 1218 atque
3366 1151 3417 1204 in
3473 1151 3651 1218 probis

2061 1233 2365 1287 actionibus
2446 1236 2725 1302 prmsentis
2762 1238 2882 1290 vita:
2926 1238 3248 1293 curriculum
3281 1240 3646 1308 confecerunt,

2063 1324 2192 1378 solis
2225 1328 2390 1380 instar
2433 1327 2707 1397 fulgebunt
2737 1328 2949 1401 (Matth.
2983 1330 3122 1400 xttt).
3179 1331 3422 1397 Quonam
3471 1341 3648 1389 autem

2063 1429 2217 1488 pacto
2271 1420 2496 1488 gloriam
2547 1436 2666 1476 eam
2697 1438 2818 1490 quae
2865 1423 3012 1492 ipsos
3061 1433 3349 1494 exceptura
3397 1435 3504 1492 est,
3557 1428 3649 1483 tibi

2064 1515 2534 1569 commemorabo?
2565 1515 2694 1569 Nam
2722 1516 2935 1571 etiamsi
2957 1516 3196 1586 ipsorum
3219 1519 3560 1588 splendorem
3587 1535 3651 1574 ac

2067 1605 2514 1673 pulchritudinem
2566 1607 2697 1661 solis
2740 1606 2959 1675 lumini,
3002 1617 3096 1662 aut
3134 1609 3295 1664 etiam
3336 1609 3652 1665 clarissima

2068 1695 2306 1763 fulgetra!
2347 1711 2688 1766 comparem,
2745 1697 2879 1752 nihil
2913 1707 3114 1762 tamen,
3145 1701 3286 1769 quod
3319 1700 3442 1756 huic
3469 1705 3653 1772 splen-

2066 1784 2178 1837 dori
2207 1797 2303 1851 par
2325 1787 2392 1839 sit
2421 1786 2633 1840 dixero.
2665 1786 2864 1842 Oculus
2894 1789 3036 1842 enim
3068 1805 3175 1844 non
3204 1790 3350 1856 vidit,
3379 1809 3476 1847 nec
3502 1795 3651 1848 auris

375 1883 591 1938 luminis
622 1882 959 1951 splendorem
993 1883 1307 1950 perspicias,
1340 1882 1410 1937 ob
1458 1883 1638 1950 idque,
1683 1890 1827 1936 recta
1874 1881 1955 1934 via
1992 1865 2038 1926 Β
2066 1877 2284 1940 audivit,
2320 1893 2417 1933 nec
2444 1881 2496 1932 in
2524 1893 2620 1932 cor
2649 1878 2882 1934 hominis
2910 1881 3397 1951 ascenderuntqua:
3423 1882 3642 1938 Deusin

374 1975 593 2038 amissa,
627 1975 677 2027 in
707 1973 998 2043 praecipitia
1045 1981 1101 2026 et
1146 1971 1390 2026 baratltra
1442 1972 1680 2036 oberres,
1730 1971 1780 2024 id
1831 1986 1960 2026 vero

374 2066 729 2121 certissimum
760 2079 823 2118 ac
846 2064 1332 2131 compertissimum
1363 2062 1555 2129 habeo,
1587 2071 1746 2131 teque
1773 2064 1955 2124 etiam,

375 2171 409 2208 ο
438 2163 605 2223 pater,
636 2154 687 2208 id
735 2153 1040 2223 intelligere
1064 2155 1244 2219 cupio.
1280 2155 1354 2208 Ac
1387 2161 1668 2221 prapterea
1713 2153 1962 2206 tenebras

375 2247 509 2301 lueis
532 2247 650 2300 loco
669 2254 874 2310 tenens,
900 2259 963 2299 ac
987 2254 1212 2298 mortem
1239 2245 1362 2297 vita:
1387 2244 1553 2297 instar
1573 2245 1956 2312 complectens,

379 2340 529 2394 utilia
554 2338 777 2392 consilia
808 2339 1010 2400 iniisse,
1040 2337 1445 2405 fructuosasque
1473 2337 1817 2405 cogitationes
1847 2352 1962 2390 sns-

384 2431 593 2498 cepisse
625 2429 719 2482 tibi
765 2429 982 2482 videris.
1015 2431 1085 2482 At
1122 2443 1226 2480 non
1272 2429 1340 2481 ita
1369 2437 1469 2494 est,
1505 2430 1962 2496 non,inquatn,e3t

379 2521 472 2577 ita.
501 2521 630 2576 Nam
661 2535 759 2576 nec
785 2536 847 2575 ea
875 2536 996 2590 qua:
1025 2522 1297 2575 veneraris
1325 2521 1398 2575 dii
1448 2531 1595 2584 sunt,
1639 2521 1731 2576 sed
1764 2521 1963 2574 daemo-

383 2629 510 2667 num
541 2622 754 2677 statnte,
785 2627 999 2667 omnem
1029 2627 1212 2666 eorum
1262 2614 1647 2668 exsecrandum
1697 2614 1964 2681 operatio-

384 2719 508 2758 nem
539 2704 679 2757 intus
724 2703 1090 2768 continentes;
1119 2718 1217 2758 nec
1264 2719 1474 2757 rursum
1528 2706 1631 2757 vita
1684 2719 1749 2758 ea
1801 2719 1961 2772 quam

382 2808 596 2848 suavem
625 2801 681 2846 et
709 2793 1056 2860 voluptariam
1088 2794 1344 2861 appellas,
1367 2795 1824 2863 jucunditatisque
1849 2811 1965 2847 om-

384 2884 468 2938 nis
493 2893 546 2937 et
573 2882 854 2935 hilaritatis
882 2882 1094 2949 plenam
1120 2897 1242 2937 esse
1271 2899 1479 2945 Censes,
1505 2885 1766 2950 ejusmodi
1813 2895 1965 2938 natu-

385 2989 497 3028 rain
543 2973 742 3038 habet,
781 2973 874 3028 sed
920 2972 965 3029 si
1016 2976 1252 3029 veritatis
1294 2976 1494 3044 judicio
1546 2977 1792 3030 standum
1844 2991 1961 3044 εει,

383 3065 710 3120 exsecranda
736 3079 799 3118 ac
831 3065 1002 3119 modis
1040 3068 1286 3119 omnibus
1314 3069 1605 3121 aversanda
1633 3078 1734 3122 est.
1767 3069 1966 3134 Quam-

386 3157 466 3210 vis
494 3157 635 3210 enim
667 3155 732 3209 ad
777 3157 987 3224 aliquod
1019 3167 1226 3224 tempus
1257 3158 1440 3213 fauces
1467 3161 1703 3223 delin‘at,
1739 3169 1857 3228 post
1886 3169 1966 3213 ta-

387 3261 533 3315 men,
560 3257 672 3302 uta
713 3249 966 3317 magistro
994 3264 1114 3302 meo
1159 3249 1357 3303 dictum
1411 3261 1512 3316 est,
1570 3251 1688 3306 felle
1734 3252 1968 3305 amarius
1995 3229 2041 3289 ο

388 3336 668 3407 digeritur,
700 3339 980 3408 gladioque
1004 3341 1218 3406 ancipiti
1247 3342 1451 3395 acutior
1481 3350 1584 3395 est.

461 3430 529 3484 Et
557 3445 784 3499 quonam
815 3430 1027 3484 tandem
1056 3441 1209 3500 pacto
1231 3431 1346 3499 ejus
1373 3433 1508 3485 mala
1545 3433 1636 3486 tibi
1683 3447 1968 3487 recensere

393 3523 644 3591 possem?
694 3524 1050 3578 Dinumeraho
1079 3539 1158 3587 ea,
1189 3535 1241 3579 et
1277 3539 1439 3592 super
1467 3540 1682 3578 arenam
1719 3525 1969 3593 multipli—

394 3615 660 3670 cabuntur
707 3613 877 3684 (Psal.
909 3616 1204 3684 cxxxvnt);
1252 3615 1444 3670 diaboli
1474 3617 1614 3670 enim
1649 3616 1835 3675 hamus
1866 3633 1969 3683 εει,

395 3703 722 3760 exsecranda
749 3704 1041 3773 voluptate,
1073 3714 1320 3774 tanquam
1345 3704 1596 3759 illecebra
1628 3706 1855 3774 quadam
1877 3707 1972 3760 ob-

394 3795 605 3860 ductus,
634 3811 728 3864 per
757 3811 912 3865 quam
945 3809 1040 3849 eos
1071 3794 1159 3864 qui
1189 3796 1239 3848 in
1269 3793 1508 3849 fraudem
1534 3795 1876 3860 inducuntur,
1907 3797 1971 3850 ad

393 3883 556 3940 itnutn
590 3886 779 3940 inferni
810 3887 1070 3956 gurgi'em
1102 3884 1281 3940 trahit.
1309 3886 1451 3940 Bona
1481 3897 1657 3940 autem
1683 3903 1711 3940 a
1745 3888 1972 3942 Domino

393 3996 515 4037 meo
542 3981 831 4049 promissa,
871 3994 990 4048 qua:
1037 3979 1249 4047 quidem
1303 3987 1356 4033 tu
1400 3978 1618 4034 incerta:
1654 3983 1775 4034 vitae
1823 3995 1971 4050 spem

399 4070 741 4137 nuncupasti,
773 4069 838 4122 ab
867 4067 1012 4122 omni
1063 4069 1341 4123 mendacio
1370 4079 1426 4124 et
1472 4071 1765 4124 mutatione
1795 4071 1973 4125 aliena

397 4169 542 4226 sunt,
571 4159 727 4213 linem
761 4159 1023 4221 nesciunt,
1052 4160 1376 4227 corruptinni
1406 4160 1645 4229 subjecta
1670 4177 1774 4214 non
1802 4173 1922 4216 sunt
1955 4175 1971 4215 :

397 4250 628 4318 denique
649 4250 789 4303 nulla
817 4258 898 4301 est
919 4249 1109 4311 oratio,
1138 4265 1254 4317 qua:
1281 4249 1420 4303 illius
1444 4251 1626 4318 gloria:
1650 4251 1974 4320 etjucundt-

400 4343 543 4407 tatis,
579 4342 720 4396 illius
754 4340 1122 4395 inenarrabilis
1161 4341 1334 4409 gaudii
1372 4356 1434 4396 ac
1475 4353 1743 4411 perpetua:
1775 4344 1976 4397 Iustitia:

397 4433 819 4505 magnitudinem
849 4433 1151 4497 exprimere
1177 4440 1356 4500 queat.
1384 4431 1582 4486 Omnes
1603 4433 1768 4493 enim.
1801 4449 1976 4501 quem

395 4524 681 4581 admodum
724 4524 836 4591 ipse
885 4522 1051 4587 vides,
1095 4523 1374 4590 morimur,
1413 4539 1511 4577 nec
1549 4533 1632 4577 est
1685 4524 1842 4577 homo
1882 4525 1971 4593 qui

2064 1970 2321 2022 caelorum
2352 1985 2536 2039 regno,
2571 1972 2623 2024 in
2648 1972 3050 2040 incomparabili
3100 1974 3231 2039 luce,
3271 1975 3320 2030 in
3348 1989 3544 2030 arcana
3588 1986 3647 2030 et

2066 2059 2184 2113 finis
2209 2071 2427 2128 experte
2454 2063 2641 2129 gloria,
2676 2064 2742 2118 iis
2763 2065 2851 2132 qui
2885 2066 3051 2133 ipsius
3078 2081 3261 2121 amore
3291 2067 3496 2135 prtediti
3520 2081 3652 2122 sunt

2067 2155 2384 2220 prrrparavit
2414 2153 2466 2226 (Ι
2501 2153 2617 2207 Cor.
2646 2156 2728 2225 tt).
2762 2159 2840 2211 Ac
2864 2157 2993 2224 justi
3023 2159 3235 2228 quidem
3265 2158 3529 2227 ejusmodi
3553 2161 3652 2215 bo-

2065 2258 2129 2296 na
2163 2255 2320 2312 atque
2349 2245 2615 2312 ejusmodi
2649 2247 3030 2302 beatitudinem
3051 2261 3468 2320 consequentur.

2135 2335 2236 2399 Qui
2267 2345 2444 2389 autem
2478 2351 2662 2390 verum
2692 2337 2855 2390 Deum
2881 2338 3216 2406 abjurarunt,
3244 2355 3307 2395 ac
3334 2341 3574 2396 fictorem
3599 2350 3655 2397 et

2065 2423 2310 2490 opificem
2335 2423 2667 2492 ignorarunt,
2687 2427 3030 2496 impurosque
3048 2428 3325 2483 daemones
3343 2432 3649 2497 coluerunt,

2065 2528 2128 2566 ac
2155 2516 2331 2568 surdis
2356 2517 2656 2571 simulacris
2679 2517 3075 2572 venerationem
3107 2519 3429 2584 tribuerunt,
3460 2520 3648 2589 volup-

2069 2614 2341 2676 tatumque
2359 2607 2514 2675 hujus
2535 2625 2683 2662 vana:
2702 2611 2822 2664 vita:
2844 2611 3137 2679 cupiditate
3158 2611 3466 2680 flagrarunt,
3493 2621 3652 2680 atque

2068 2695 2119 2750 in
2151 2699 2459 2752 vitiusaium
2491 2699 2830 2754 affectionum
2855 2716 3010 2756 eteno
3040 2716 3319 2770 porcorum
3341 2703 3510 2756 instar
3531 2719 3653 2758 sese

2069 2789 2392 2854 volutarunt,
2417 2805 2646 2860 suasque
2671 2793 2877 2846 anim-as
2899 2791 3014 2846 vitii
3037 2793 3214 2846 omnis
3233 2793 3503 2847 officinam
3520 2793 3652 2848 elle-

2069 2891 2279 2944 cerunt,
2313 2881 2440 2935 nudi
2487 2892 2540 2935 et
2592 2884 2760 2950 aperti
2808 2882 3056 2947 stabunt,
3094 2883 3380 2952 ignominia
3432 2883 3652 2949 suffusi,

2073 2975 2272 3040 moesti,
2296 2989 2358 3028 ac
2391 2984 2500 3028 tuttt
2531 2987 2702 3046 gestu,
2735 2987 2843 3028 tum
2876 2991 2934 3030 re
2965 2978 3076 3045 ipsa
3111 2977 3655 3044 miserabiles.Atque

2069 3078 2255 3120 omnes
2281 3065 2519 3135 ipsorum
2543 3081 2842 3131 sermones,
2865 3077 2919 3121 et
2939 3067 3199 3135 actiones,
3225 3078 3278 3122 et
3301 3069 3654 3138 cegitationes

2071 3165 2197 3211 ante
2229 3172 2466 3225 ipsorum
2495 3173 2591 3212 ora
2622 3161 2871 3225 venient;
2906 3175 2969 3214 ac
2999 3160 3196 3216 deinde
3239 3169 3361 3228 post
3395 3164 3651 3230 gravissi-

2075 3264 2213 3302 ma'n
2247 3248 2590 3318 ignominiam
2616 3259 2776 3319 atque
2798 3250 3190 3306 intolerandum
3221 3252 3348 3306 illud
3377 3253 3652 3321 probrum,

2069 3340 2337 3408 gehennae
2358 3341 2466 3408 igni
2499 3356 2768 3410 nunquam
2791 3343 3201 3411 exstinguendo,
3233 3358 3296 3396 ac
3327 3342 3457 3397 lucis
3480 3344 3656 3397 omnis

2071 3433 2298 3499 experti,
2348 3432 2708 3486 exterioribus
2736 3434 2970 3488 tenebris
2996 3475 3010 3497 ,
3041 3434 3282 3488 dentium
3312 3433 3552 3500 stridori,
3587 3448 3652 3485 ac

2073 3531 2337 3576 venenato
2361 3524 2527 3576 vermi
2557 3523 2892 3578 addicentur.
2923 3524 3046 3578 llatc
3075 3526 3289 3579 illorum
3322 3525 3495 3592 portio
3525 3525 3651 3588 erit,

2075 3614 2188 3667 litec
2213 3614 2498 3668 ltmreditas
2526 3632 2539 3667 :
2573 3615 2624 3668 in
2654 3615 2733 3669 liis
2764 3631 2858 3684 per
2894 3616 3216 3683 sempiterna
3243 3615 3444 3669 stecula
3471 3627 3653 3668 versa-

2074 3703 2293 3768 buntur,
2325 3704 2588 3758 scelerum
2618 3718 2804 3771 ptenas
2832 3703 3044 3769 dantes,
3079 3711 3355 3772 propterea
3379 3703 3521 3772 quod
3552 3704 3650 3755 bo-

2075 3794 2158 3847 nis
2187 3795 2252 3848 iis
2280 3809 2400 3864 qua:
2441 3796 2492 3847 in
2524 3795 2902 3862 pollicitatione
2933 3795 3205 3849 recondita
3232 3803 3408 3858 erant,
3439 3802 3655 3860 propter

2077 3886 2290 3940 brevem
2320 3888 2646 3955 voluptatem
2693 3886 2986 3955 repudiatis
3013 3895 3067 3940 ct
3107 3886 3348 3957 abjectis,
3394 3894 3655 3940 teternutn

2076 3978 2175 4031 sibi
2208 3958 2338 4046 ipsis
2387 3978 2706 4046 supplicium
2747 3976 3157 4031 accersiverunt.
3214 3977 3319 4032 Pro
3361 3977 3444 4031 Itis
3475 3977 3656 4045 igitur,

2078 4069 2179 4121 hoc
2208 4077 2310 4134 est,
2342 4075 2400 4122 ut
2427 4078 2482 4122 et
2509 4068 2757 4136 gaudium
2793 4068 2923 4121 illud
2955 4067 3100 4121 omni
3129 4081 3376 4122 sermone
3400 4077 3657 4135 praestan-

2078 4147 2181 4213 tius
2206 4173 2623 4228 consequamur,
2654 4170 2708 4213 et
2735 4172 2930 4214 arcana
2963 4159 3052 4212 illa
3081 4158 3246 4228 gloria
3277 4159 3534 4223 fruamur,
3556 4174 3656 4213 an-

2076 4253 2326 4320 gelusque
2352 4251 2643 4320 splendore
2669 4251 3032 4319 adtequemus,
3056 4265 3117 4303 ac
3131 4249 3269 4303 bono
3282 4250 3660 4304 etdulcissitno

2080 4342 2305 4395 Domino
2336 4341 2516 4394 fidenti
2547 4343 2724 4396 animo
2740 4353 2996 4404 astemus,
3020 4352 3180 4408 atque
3206 4339 3572 4395 atrocissimus
3601 4349 3659 4395 et

2079 4448 2348 4501 nunquam
2378 4433 2637 4486 finiendas
2666 4447 2869 4500 ptenas,
2898 4442 2953 4486 et
2974 4431 3373 4486 acerbissimam
3407 4432 3549 4484 illam
3575 4432 3659 4486 in-

2079 4523 2294 4580 fatniatn
2343 4525 2676 4594 eﬂugiamus,
2711 4540 2845 4592 quas
2892 4540 2997 4578 non
3040 4524 3199 4593 303
3225 4525 3497 4593 pecunias,
3537 4541 3659 4594 quae

396 4617 558 4679 vivat,
607 4623 662 4669 et
706 4622 930 4668 mortem
986 4615 1194 4668 visurus
1241 4629 1346 4667 non
1393 4613 1463 4667 sit
1518 4613 1608 4686 (ll
1666 4614 1796 4683 Reg.
1843 4631 1964 4680 xiv;
2001 4609 2183 4674 Dnon
2208 4632 2451 4687 corpora,
2481 4619 2588 4672 imo
2610 4618 2770 4672 etiam
2797 4618 2940 4686 ipsas
2971 4618 3178 4670 animas
3205 4615 3528 4684 profundere
3563 4631 3659 4683 par

398 4708 547 4763 Psal.
578 4707 873 4777 Lxxxvnl);
919 4707 1152 4761 futurum
1197 4717 1280 4761 est
1321 4715 1499 4761 autem
1545 4718 1603 4762 ut
1649 4723 1859 4762 rursum
1902 4709 1969 4764 ad

395 4803 555 4856 vitam
586 4801 888 4866 redeamus,
916 4808 1025 4853 tum
1076 4801 1347 4866 nimirum,
1378 4815 1498 4854 cum
1531 4800 1788 4855 Dominus
1815 4801 1972 4856 Jesus

393 4894 638 4949 Chrisuts
666 4893 756 4948 Dei
782 4892 947 4946 Filius
977 4891 1027 4946 in
1059 4892 1247 4961 gloria,
1278 4909 1394 4961 qua:
1418 4894 1574 4948 nullis
1603 4896 1780 4950 verbis
1795 4895 1971 4950 decla-

398 4988 501 5041 rari
527 4994 721 5055 potest,
743 5001 805 5040 ac
829 4984 1100 5039 tremenda
1119 4987 1350 5053 putentia
1366 4985 1544 5040 veniet
1565 4985 1784 5055 (Matth.
1816 4990 1968 5060 xxv),

398 5079 508 5146 ille,
541 5081 779 5148 inquam,
822 5077 932 5131 Rex
984 5091 1167 5146 regum
1195 5092 1257 5132 ac
1287 5079 1540 5133 Dominus
1581 5079 1966 5135 dominantium

395 5167 836 5240 (Apoc.xtx),cui
871 5183 1028 5222 omne
1057 5184 1194 5238 genu
1227 5167 1488 5229 flectetur.
1513 5169 1838 5236 caelestium,
1865 5180 1973 5225 ter-

398 5258 672 5321 restrium,
703 5269 754 5312 et
792 5257 1122 5312 infernorum
1155 5257 1381 5328 (Philip.
1415 5257 1496 5330 tt);
1525 5260 1722 5328 quique
1763 5269 1969 5313 tantum

394 5347 640 5400 omnibus
680 5362 935 5414 pavorem
963 5350 1356 5414 contmovebit,
1410 5359 1468 5403 ut
1512 5350 1669 5403 etiam
1697 5350 1824 5419 ipsa:
1855 5367 1970 5405 cm-

394 5436 556 5492 lestes
587 5436 807 5489 virtutes
854 5437 1230 5504 obsmpescant
1280 5438 1449 5509 (Luc.
1500 5438 1649 5500 xxi).
1707 5441 1972 5495 Asmbunt

395 5539 555 5596 porro
583 5525 631 5579 ei
657 5539 778 5580 cuin
811 5526 1002 5580 timore
1031 5527 1192 5580 millia
1223 5529 1468 5593 millium,
1497 5537 1553 5583 et
1572 5529 1750 5584 decies
1781 5542 1968 5584 cente-

393 5635 461 5676 na
509 5619 670 5676 millia
710 5619 1017 5687 angelorum
1055 5629 1111 5673 et
1157 5619 1631 5686 arehangclorum,
1675 5631 1972 5690 cunctaque

395 5723 538 5767 metu
585 5723 649 5765 ac
676 5716 910 5764 tremore
939 5708 1090 5775 plena
1124 5717 1280 5764 erunt
1309 5708 1473 5778 (Dan.
1505 5710 1618 5781 vn).
1655 5710 1800 5766 linus
1825 5714 1966 5768 enim

391 5798 831 5873 erchangelorum
875 5799 1099 5858 buccina
1141 5800 1383 5870 clanget;
1441 5815 1507 5858 ac
1557 5803 1735 5859 statim
1773 5804 1968 5860 coelum

2079 4709 2261 4764 luerit?
2273 4709 2520 4774 Quistam
2537 4708 2710 4776 ignavi
2733 4707 3013 4772 anitniest,
3032 4709 3153 4776 quis
3170 4716 3276 4760 tam
3296 4721 3509 4770 excors,
3527 4706 3659 4774 quiti

2075 4809 2359 4856 sexcentas
2389 4801 2741 4868 temporarias
2771 4808 2970 4854 mortes
2999 4799 3185 4853 subire
3233 4797 3283 4851 in
3313 4798 3548 4850 animum
3579 4797 3660 4849 in-

2076 4894 2264 4961 ducat,
2295 4902 2353 4947 ut
2380 4908 2410 4949 a
2440 4893 2761 4961 sempiterna
2790 4903 2842 4947 et
2876 4891 2997 4946 finis
3025 4893 3202 4946 omnis
3231 4901 3456 4959 experte
3485 4899 3659 4944 morte

2077 4985 2355 5046 liberetur,
2387 4983 2703 5052 beatamque
2731 4993 2785 5036 et
2827 4983 2894 5036 ab
2941 4982 3089 5036 omni
3137 4982 3353 5035 interitu
3395 4991 3658 5034 remotam

2076 5077 2237 5130 vitam
2267 5074 2604 5128 litereditario
2632 5071 2935 5142 possideat,
2975 5086 3038 5125 ac
3083 5081 3283 5126 sancta:
3321 5079 3377 5126 et
3404 5072 3529 5124 vita:
3558 5071 3662 5124 iui-

2079 5168 2210 5222 tiutn
2242 5167 2509 5221 all'erentis
2541 5165 2817 5219 Trinitatis
2844 5165 3041 5218 lumine
3064 5163 3449 5218 collustretur?

2145 5262 2276 5315 Cxp.
2320 5258 2510 5314 XXVI.
2550 5289 2620 5300 ο·-
2645 5260 2766 5313 llzec
2789 5259 2946 5313 verba
2989 5273 3107 5312 cum
3143 5273 3233 5310 rex
3275 5256 3554 5316 audiisset,
3604 5256 3660 5308 fl-

2080 5353 2243 5420 llique
2296 5351 2602 5405 firmitatem
2671 5360 2832 5417 atque
2881 5350 3235 5403 constantiam
3273 5347 3655 5415 perspexisset,

2079 5457 2176 5496 nec
2206 5441 2499 5505 blanditiis,
2530 5455 2628 5495 nec
2658 5455 2965 5494 sermonum
2989 5439 3274 5501 lenocinio,
3300 5453 3400 5491 nec
3424 5435 3660 5500 denique

2074 5533 2457 5602 suppliciorum
2487 5531 2647 5585 minis
2677 5531 2938 5596 cedentis,
2973 5529 3231 5584 orationis
3268 5527 3482 5597 quidem
3516 5526 3658 5581 illius

2078 5624 2530 5693 probabilitatem,
2561 5637 2621 5677 ac
2641 5637 2899 5690 responsa
2927 5637 3046 5691 quae
3076 5621 3250 5677 refelli
3281 5636 3384 5676 non
3415 5628 3657 5689 possent,

2075 5713 2456 5776 admirabatur,
2481 5722 2640 5781 atque
2667 5715 2828 5767 etiam
2857 5727 2885 5764 a
2915 5711 3125 5780 propria
3153 5709 3504 5775 conscientia,
3538 5723 3660 5775 qua

2076 5807 2247 5874 ipsum
2271 5818 2395 5861 vera
2415 5813 2469 5860 et
2495 5804 2634 5874 iusta
2673 5803 2852 5864 dicere
2879 5803 3302 5868 demonstrabat,
3329 5801 3657 5871 coargueba-
