4010 6250
274 278 378 334 643

756 277 914 334 VITA
957 274 1379 334 SANCTORUM
1425 268 1751 326 BARLAMI
1798 268 2124 326 EREMITzE
2166 273 2256 328 ET
2294 273 2644 332 JUSAPHAT
2685 279 2889 335 INDIE
2931 283 3154 340 REGIS.

3452 283 3566 340 ΜΘ

271 407 383 460 tur;
406 406 589 448 verum
623 409 653 447 a
686 407 848 462 prava
871 394 1262 449 consuetudine
1293 400 1450 459 atque
1491 405 1518 440 a
1552 387 1759 442 vitiosis
1779 386 1856 439 aI-
1887 387 1933 444 A
1963 386 2050 439 sil.
2078 385 2209 441 Cum
2237 386 2396 455 igitur
2423 403 2513 442 rex
2546 389 2598 442 in
2621 389 2729 445 alto
2775 402 2938 462 atque
2989 396 3136 451 edito
3179 397 3318 452 solio
3365 415 3555 456 conse-

269 483 615 549 Iectiouibus,
657 499 884 553 quarum
941 483 1179 536 habitum
1233 490 1594 547 contraxerat,
1645 492 1699 534 et
1747 496 1866 549 qua:

267 593 394 633 eum
429 576 581 630 velut
628 592 782 630 camo
826 585 881 630 et
927 573 1078 629 freno
1127 574 1431 639 coercebat,
1480 588 1581 626 nec
1625 573 1865 627 veritatis

269 667 453 721 lumen
495 667 804 734 perspicere
854 665 1088 731 sinebat,
1144 665 1196 718 in
1230 665 1499 718 diversum
1533 663 1861 717 trahebatur.

275 758 346 815 Ae
379 768 662 827 propterea
696 758 898 811 nullttm
923 773 1027 810 non
1057 755 1309 825 lapidem,
1348 765 1404 809 ut
1432 756 1536 811 dici
1566 757 1724 821 solet,
1756 771 1866 811 mo-

272 862 425 911 rens,
472 849 523 901 in
580 862 644 901 co
680 849 822 917 quod
880 849 1031 916 prius
1072 847 1172 900 sibi
1222 857 1573 915 proposuerat
1604 847 1858 913 hzerebat,

268 939 555 992 consilium
587 939 855 1004 nimirum,
905 938 1050 1007 quod
1104 953 1225 993 cum
1269 939 1476 991 Arache
1523 946 1759 1006 ceperat,
1810 939 1861 993 in

266 1043 404 1096 epos
439 1029 731 1096 perducere
756 1028 999 1098 cupiens.
1035 1028 1215 1097 Itaque
1259 1030 1322 1081 ad
1354 1028 1516 1081 ﬁlium
1547 1029 1655 1082 ait:
1687 1029 1862 1097 Opor-

265 1119 414 1174 tebat
436 1120 671 1187 quidem,
707 1120 801 1186 ﬁli,
832 1130 883 1175 te
916 1120 1049 1174 meis
1079 1119 1316 1190 imperiis
1347 1118 1595 1175 omnibus
1619 1119 1673 1172 in
1702 1120 1861 1173 rebus

269 1213 597 1279 simpliciter
621 1213 865 1283 obsequi.
900 1213 1159 1280 Quoniam
1181 1224 1358 1268 autem
1390 1228 1488 1281 pro
1537 1224 1621 1267 tua
1663 1213 1858 1267 duritia

267 1314 432 1373 atque
483 1306 815 1358 contumacia
879 1304 1007 1358 mihi
1057 1303 1128 1358 ita
1185 1305 1535 1358 vehementer
1579 1304 1854 1370 restitisti,

265 1396 374 1452 hoc
404 1413 568 1451 unum
598 1396 948 1463 contendens,
975 1406 1032 1452 ut
1059 1406 1147 1450 tua
1177 1399 1439 1452 sententia
1480 1398 1695 1466 majoris
1717 1398 1856 1466 apud

267 1499 342 1554 te,
367 1503 524 1559 quam
549 1490 724 1542 omnia
749 1489 871 1555 alia,
898 1489 1148 1558 ponderis
1165 1497 1321 1557 atque
1344 1489 1673 1543 auctoritatis
1687 1500 1852 1558 esset,

262 1593 382 1648 age,
433 1579 576 1633 inani
621 1580 964 1634 contentione
1017 1580 1193 1634 valere
1230 1581 1399 1647 jussu,
1449 1578 1741 1634 rationibus
1787 1579 1853 1632 ad

271 1669 702 1736 persuadendum
726 1670 865 1738 aptis
918 1685 1158 1739 agamus.
1207 1672 1284 1726 Ae
1334 1672 1455 1739 quia
1509 1672 1772 1738 Barlaam,
1821 1686 1850 1725 a

1970 479 2157 540 disset.
2189 482 2354 534 ﬁliutn
2380 498 2481 535 una
2505 484 2901 553 sederejussit.
2940 489 3009 541 At
3033 490 3119 544 ille
3154 505 3249 558 pro
3290 507 3389 547 suo
3427 510 3553 565 erga

1971 579 2172 637 patrem
2202 571 2405 626 honore
2436 588 2499 627 ac
2529 578 2827 629 reverentia
2859 577 2911 631 id
2946 577 3119 632 lacere
3152 587 3434 648 recusavit,
3475 596 3555 640 at-

1968 677 2071 731 que
2102 665 2150 715 in
2181 672 2322 718 terra
2372 680 2477 718 non
2508 667 2665 736 longe
2692 667 2759 720 ab
2787 684 2851 723 eo
2878 671 3036 724 sedit.
3072 672 3365 727 Astiteruut
3396 676 3554 745 igitur

1968 755 2068 810 viri
2101 757 2431 812 infatuattea
2468 759 2575 814 Deo
2625 762 2902 826 sapientize
2957 764 3132 831 periti,
3190 782 3446 832 quorum,
3498 780 3555 823 ut

1969 852 2207 917 Apostoli
2239 852 2420 905 verbis
2453 861 2590 918 utar,
2622 852 2882 921 insipiens
2904 870 2997 909 cor
3023 859 3226 910 erravit
3251 856 3304 927 (1
3337 858 3456 914 Cor.
3491 863 3552 919 Il.

1967 939 2222 994 Putantes
2251 943 2392 996 enim
2425 957 2483 996 se
2511 957 2635 997 esse
2660 945 2946 1010 sapientes,
2980 948 3129 1000 stulti
3174 950 3293 1002 lacti
3324 959 3468 1012 sunt,
3501 962 3555 1004 et

1965 1040 2302 1084 umtaveruut
2348 1031 2571 1100 gloriam
2622 1033 3039 1104 incorruptibilis
3101 1037 3195 1092 Dei
3253 1040 3304 1094 in
3364 1042 3553 1095 simili-

1967 1120 2203 1174 tudinem
2237 1124 2662 1187 corruptibilium
2695 1124 2992 1192 hominum,
3022 1138 3075 1181 et
3122 1131 3548 1199 quadrupedum,

1962 1220 2016 1263 et
2047 1213 2374 1278 serpentium
2399 1213 2576 1285 (liam.
2611 1212 2674 1281 ι).
2709 1216 2792 1279 lli,
2822 1226 2876 1268 ut
2897 1232 3016 1270 cum
3049 1218 3190 1286 regis
3219 1220 3347 1289 ﬁlio,
3391 1232 3550 1289 atque

1963 1300 2029 1354 iis
2059 1302 2147 1370 qui
2178 1305 2243 1355 ab
2269 1303 2434 1372 ipsius
2481 1305 2719 1372 partibus
2747 1308 2980 1369 stabunt.
3024 1324 3327 1366 sermonem
3356 1328 3549 1368 conse-

1960 1402 2165 1456 rerent,
2196 1394 2248 1448 in
2281 1411 2443 1449 unum
2475 1407 2863 1452 convenerunt.
2887 1401 3059 1464 Atque
3084 1402 3136 1454 iu
3161 1402 3239 1455 eis
3269 1404 3396 1456 illud
3421 1405 3550 1457 ada-

1958 1481 2102 1550 gium
2143 1483 2503 1548 implebalur:
2558 1484 2764 1550 Caprea
2813 1502 2935 1541 eum
2971 1489 3122 1543 leone
3169 1505 3395 1560 pugnant
3427 1494 3548 1547 iniit

1958 1573 2097 1644 (l4).
2153 1575 2362 1629 Etenim
2422 1577 2541 1643 ipse
2579 1576 2912 1630 Altissimqu
2971 1591 3225 1646 posuerat
3280 1583 3542 1652 refugium

1957 1679 2134 1730 suum,
2166 1666 2293 1719 etin
2324 1664 2528 1720 alarum
2551 1666 2713 1734 ipsius
2735 1668 2920 1722 umbra
2951 1669 3203 1736 Sperabat
3229 1670 3401 1740 (Psal.
3428 1675 3537 1744 xc).

261 1779 370 1831 quo
395 1764 490 1818 [ibi
523 1764 673 1818 fucus
696 1764 868 1819 racius
898 1775 1001 1832 est,
1052 1767 1262 1820 vinctus
1287 1783 1315 1820 α
1356 1784 1440 1822 me
1469 1777 1700 1833 ιρηριυιο,
1733 1785 1844 1822 am.
1881 1754 1926 1814 Β
1952 1756 2024 1810 Illi
2053 1767 2230 1812 autem
2255 1761 2305 1812 in
2338 1758 2492 1828 hujus
2514 1758 2691 1812 s:eculi
2715 1760 3044 1828 principibus
3060 1762 3535 1833 quidestruuutur,

260 1855 506 1922 piissimo
547 1866 688 1910 caetu
730 1857 944 1921 habito,
992 1866 1150 1927 atque
1198 1860 1445 1913 omnibus
1489 1869 1596 1913 tum
1651 1861 1849 1916 nostris

259 1955 374 2000 tum
407 1949 638 2003 Galilazis
664 1950 715 2003 in
746 1968 908 2005 unum
935 1953 1132 2005 coactis
1165 1953 1604 2023 prmcouibusque
1631 1956 1849 2010 disertis

265 2039 448 2091 verbis
496 2040 706 2093 edicvre
745 2040 930 2108 jussis,
975 2055 1043 2095 ne
1089 2044 1368 2112 quisquam
1424 2045 1848 2100 Cluisianorum

267 2127 432 2181 ullius
466 2130 688 2197 periculi
737 2130 882 2184 metu
924 2131 1209 2197 afﬁciatur,
1261 2150 1450 2188 verum
1489 2152 1674 2190 omnes
1705 2137 1848 2191 omni

264 2227 416 2269 metu
463 2218 615 2271 vacui
672 2234 764 2286 per
808 2221 1052 2274 sotlalitia
1099 2232 1154 2275 et
1204 2226 1545 2291 cognationes
1599 2226 1652 2279 in
1685 2243 1848 2280 unum

257 2315 479 2369 coeant,
502 2311 771 2363 communi
817 2313 1043 2366 consilio
1065 2329 1176 2367 rem
1221 2316 1644 2370 consideremus.
1676 2323 1851 2382 Atque

256 2403 358 2447 aut
388 2410 483 2449 vos
513 2410 569 2451 et
597 2411 772 2454 vester
811 2402 1074 2468 Barlaam,
1107 2405 1260 2458 nobis
1309 2407 1361 2459 in
1410 2410 1728 2460 sententiam
1761 2424 1851 2462 ve-

256 2496 428 2539 stram
460 2487 723 2553 adductis,
775 2505 838 2543 ea
890 2506 1010 2559 qua:
1058 2493 1256 2560 optatis
1301 2497 1722 2563 consequimini;
1756 2506 1848 2549 aut

254 2587 444 2630 coptra
493 2591 592 2632 vos
640 2579 692 2632 iu
741 2584 1062 2634 sententiam
1111 2594 1346 2637 nostram
1389 2584 1637 2650 adducti,
1680 2586 1847 2653 jussis

251 2672 394 2724 meis
422 2682 611 2740 sponte
638 2687 702 2726 ac
732 2681 979 2742 prompto
1005 2677 1182 2730 animo
1205 2677 1483 2744 parebitis.

334 2762 577 2818 Prudens
614 2775 789 2817 autem
819 2780 1001 2820 revera
1036 2777 1088 2820 et
1123 2767 1377 2822 cordatus
1401 2769 1613 2836 juvenis
1645 2785 1741 2838 per
1762 2769 1844 2824 vi-

250 2865 377 2907 sum
403 2855 542 2922 quod
571 2855 824 2911 divinitus
854 2857 954 2924 ipsi
978 2861 1292 2928 contigerat,
1327 2860 1468 2929 regis
1493 2859 1721 2915 versutia
1753 2876 1846 2915 co-

248 2949 426 3016 gnita,
456 2949 570 3002 ait:
621 2949 831 3003 Domini
863 2953 1108 3006 voluntas
1151 2953 1262 3021 ﬁat,
1293 2955 1467 3021 sitque
1493 2954 1841 3022 quemadmo-

246 3038 382 3093 dum
407 3037 642 3108 jussisti.
675 3042 794 3108 Ipse
820 3054 998 3096 autem
1040 3043 1210 3098 bonus
1243 3046 1381 3098 Deus
1411 3061 1474 3100 ac
1493 3045 1706 3100 divinus
1742 3047 1843 3102 hoc

1953 1863 2015 1902 ae
2043 1849 2223 1902 mundi
2250 1850 2485 1917 principe
2523 1849 2885 1916 tenebrarum,
2939 1852 3022 1905 cui
3061 1868 3118 1906 se
3160 1856 3306 1922 ipsos
3337 1856 3538 1913 misere

1953 1939 2315 2007 subjccerunt,
2351 1941 2599 1995 ﬁduciam
2632 1955 2782 1995 suam
2826 1942 3162 1998 collocabant
3206 1943 3374 2013 (I’sal.
3415 1963 3534 2015 ur;

1953 2028 2143 2100 Epltes.
2174 2029 2268 2098 vr).

2029 2117 2346 2175 Producitur
2373 2122 2550 2189 itaque
2580 2121 2812 2186 Nachor,
2841 2122 2929 2192 qui
2965 2122 3298 2179 Barlaamum
3322 2141 3380 2182 se
3417 2142 3536 2185 esse

1952 2210 2256 2265 simulabat.
2281 2214 2356 2267 Ae
2385 2229 2476 2266 rex
2519 2213 2735 2282 quidem
2785 2214 2886 2267 hoc
2913 2214 3012 2267 sibi
3065 2217 3391 2285 propositum
3445 2219 3538 2274 ha-

1952 2302 2146 2366 bebat;
2181 2319 2364 2355 verum
2394 2307 2606 2371 sapiens
2658 2305 2747 2358 llei
2780 2305 3109 2372 providentia
3141 2309 3350 2363 caelitus
3394 2309 3536 2365 aliud

1955 2391 2384 2445 administrabat.
2418 2392 2732 2446 Astantibus
2760 2394 2902 2448 enim
2933 2395 3015 2449 his
3043 2399 3314 2464 omnibus,
3344 2414 3438 2452 rex
3467 2400 3534 2455 ad

1949 2491 2189 2536 oratores
2213 2497 2339 2536 suos
2359 2491 2413 2537 et
2445 2483 2809 2551 philosophos,
2834 2485 2915 2538 vel
2951 2489 3128 2553 potius
3170 2489 3336 2554 plebis
3379 2491 3539 2544 sedu-

1949 2583 2129 2629 ctores
2157 2588 2210 2629 et
2240 2576 2439 2630 stolido
2466 2579 2626 2630 corde
2651 2579 2923 2645 praditos,
2953 2577 3024 2632 ait
3051 2597 3063 2631 :
3096 2580 3258 2651 304
3289 2582 3366 2636 En
3389 2584 3539 2639 vobis

1954 2678 2248 2730 certamen,
2279 2677 2333 2722 et
2363 2669 2573 2736 quidem
2598 2671 2886 2722 maximqu
2918 2671 3245 2738 propOsitum
3270 2685 3370 2728 est.
3404 2673 3539 2728 Duo-

1947 2771 2067 2812 rum
2100 2758 2242 2811 enim
2287 2757 2512 2810 alterum
2562 2758 2714 2811 vobis
2762 2760 3056 2828 continget,
3107 2777 3300 2830 nempe
3352 2771 3409 2816 ut
3451 2763 3536 2820 vel

1947 2849 2187 2903 doctrina
2221 2859 2403 2903 nostra
2435 2849 2771 2916 conﬁrmata,
2800 2852 3109 2920 errorisque
3135 2853 3380 2908 convicto
3409 2855 3538 2908 Bar-

1949 2939 2126 2995 Iaamo
2161 2942 2439 3010 ipsiusque
2467 2942 2652 3006 sociis,
2684 2941 2972 2995 maximam
3005 2942 3227 3010 gloriam
3269 2952 3323 2997 et
3368 2945 3537 3000 hono-

1949 3050 2059 3088 rem
2088 3046 2197 3086 tum
2228 3051 2258 3088 a
2289 3035 2444 3088 nobis
2479 3044 2589 3088 tum
2620 3049 2649 3088 a
2676 3045 2866 3089 senatu
2899 3039 3322 3104 consequamtni,
3366 3055 3430 3093 ac
3455 3039 3537 3092 vi-

249 3129 410 3182 nobis
440 3131 720 3195 concedat,
752 3147 819 3186 ne
855 3147 884 3186 a
916 3143 1060 3187 recta
1093 3134 1172 3187 via
1219 3135 1561 3202 aberremus;
1607 3153 1730 3191 nam
1787 3140 1838 3192 in
1868 3117 1916 3182 C
1947 3127 2740 3192 ctrieibuscoronisornemini;
2768 3127 2849 3183 vel
2875 3124 3023 3182 fracti
3045 3146 3109 3185 ac
3132 3132 3391 3198 superati,
3414 3147 3534 3188 cum

251 3217 375 3286 ipso
416 3220 638 3274 conﬁdit
683 3224 857 3276 anima
909 3238 1049 3288 mea,
1081 3233 1136 3279 et
1165 3225 1280 3292 ipse
1323 3228 1427 3280 mei
1478 3229 1841 3284 miserebitur.

253 3310 407 3365 Tunc
431 3310 590 3381 igitur
619 3328 738 3378 rex,
771 3329 959 3370 omnes
986 3325 1091 3369 tam
1125 3317 1384 3373 idolorum
1413 3320 1646 3375 cultores
1681 3337 1840 3388 quant

252 3405 588 3459 Christianos
611 3407 662 3459 in
693 3422 854 3461 unum
885 3411 1346 3478 convenirijubet,
1370 3413 1562 3467 litteris
1587 3415 1840 3468 nimirum

250 3511 679 3565 quaquaversum
695 3499 892 3565 missis,
914 3514 976 3554 ac
992 3502 1324 3569 praeconibus
1341 3503 1428 3570 qui
1449 3517 1541 3570 per
1563 3504 1741 3557 omnia
1759 3519 1843 3572 0p-

251 3587 376 3652 pida
407 3588 830 3655 proclamarent,
863 3605 929 3645 ne
959 3593 1078 3660 quis
1101 3591 1554 3656 Christianorum,
1587 3603 1838 3660 tanquam

254 3675 517 3746 inopinati
533 3678 728 3747 aliquid
751 3695 1128 3748 perpessurus,
1149 3683 1202 3735 in
1217 3692 1360 3737 metu
1381 3692 1716 3749 versaretur;
1743 3700 1838 3739 ve-

253 3783 374 3823 rum
424 3785 610 3826 omnes
655 3787 750 3840 per
795 3772 1046 3827 sodalitia
1096 3781 1150 3828 et
1187 3775 1532 3844 cognationes
1577 3773 1629 3826 in
1676 3789 1838 3828 unum

252 3861 480 3928 coirent,
532 3867 672 3934 quod
729 3866 970 3920 veritatis
1015 3867 1279 3930 studiosa,
1331 3882 1395 3921 ac
1439 3883 1544 3921 non
1574 3879 1756 3923 coacta
1787 3879 1841 3923 et

253 3952 486 4005 violenta
513 3952 782 4023 inquisitio
813 3971 913 4010 ttna
936 3969 1057 4010 cum
1089 3971 1273 4009 eorum
1315 3956 1450 4010 duce
1492 3965 1651 4025 atqtte
1691 3967 1839 4010 aute-

248 4044 479 4109 signano
508 4043 785 4099 Barlaamo
815 4046 988 4100 futura
1009 4054 1174 4099 esset.
1205 4045 1516 4114 Eodemque
1539 4045 1697 4100 modo
1725 4046 1837 4100 ido-

250 4134 426 4188 lorum
452 4136 614 4190 etiam
645 4139 877 4193 cultores
911 4153 974 4192 ac
1002 4138 1327 4202 sacerdotes,
1359 4137 1840 4208 Chaldaeorumque

247 4235 302 4279 et
337 4227 589 4281 Indorum
619 4230 914 4298 sapientes,
965 4230 1055 4298 qui
1105 4231 1157 4283 in
1188 4228 1441 4285 universo
1469 4229 1636 4298 ipsius
1663 4227 1835 4297 impe-

245 4317 326 4371 rio
351 4328 526 4384 erant,
558 4321 926 4391 quosdamque
975 4324 1134 4374 etiam
1184 4335 1435 4390 augures,
1462 4329 1516 4374 et
1547 4321 1840 4389 praestigia-

247 4416 418 4474 tores,
448 4424 512 4462 ac
541 4420 692 4466 vates
739 4413 1058 4466 conVocavit
1080 4455 1094 4480 ,
1131 4419 1189 4466 ut
1217 4411 1474 4466 adversus
1502 4409 1836 4466 Christianos

245 4501 523 4555 victoriam
549 4503 870 4558 obtinerent.

320 4594 385 4648 Et
413 4595 629 4665 quidem
659 4596 848 4665 ingens
877 4597 942 4650 ad
972 4611 1155 4665 regem
1180 4593 1524 4650 exsecranda:
1555 4593 1722 4664 ipsius
1743 4609 1833 4649 re-

248 4685 462 4752 ligionis
513 4687 797 4741 multitudo
842 4688 1143 4742 conﬂuxit:
1190 4685 1614 4741 Christianorum
1653 4695 1830 4740 autem

249 4791 385 4830 unus
438 4785 660 4844 tantum,
695 4777 983 4833 Baraehias
1014 4780 1247 4843 nomine,
1305 4779 1552 4832 inventus
1591 4787 1692 4841 est,
1741 4778 1830 4847 qui

249 4866 526 4921 Barlaamo
551 4868 633 4938 (ut
659 4869 873 4938 quidem
902 4870 1324 4934 existimabatur)
1345 4870 1615 4937 soppetias
1645 4869 1826 4922 ferret.

246 4956 376 5011 Nam
409 4958 479 5024 pii
507 4960 605 5013 viri
636 4963 830 5029 partim
855 4971 1096 5015 extremo
1129 4963 1250 5016 vita:
1278 4961 1366 5015 die
1392 4962 1556 5015 functi
1592 4960 1826 5025 fuerant,

245 5064 270 5102 λ
328 5049 541 5104 Iuriosis
583 5050 789 5104 scilicet
852 5051 1059 5104 urbium
1112 5052 1428 5120 praetoribus
1467 5053 1821 5118 obtruncati;

244 5141 436 5207 partim
468 5142 892 5209 impendentium
923 5143 1279 5211 periculorum
1302 5155 1446 5198 metu
1478 5143 1530 5198 in
1560 5145 1829 5198 montibus

243 5249 303 5286 ac
331 5235 604 5301 speluncis
633 5234 1050 5302 delitescebant;
1084 5238 1278 5306 partim
1300 5235 1530 5306 denique
1557 5237 1702 5305 regis
1731 5238 1831 5291 mi-

241 5340 336 5377 nas
391 5325 831 5392 pertimescentes
859 5327 912 5381 in
943 5328 1116 5382 lucem
1148 5326 1360 5396 prodire
1397 5329 1618 5382 minime
1664 5328 1830 5383 aude-

240 5414 584 5483 bant,verum
601 5418 842 5472 nocturni
867 5419 1080 5487 pietatis
1101 5420 1332 5474 cultores
1354 5429 1528 5485 erant,
1548 5422 1598 5474 in
1617 5422 1828 5476 occulto

239 5506 502 5562 duntaxat
528 5507 799 5563 Christum
828 5512 1086 5576 colentes,
1117 5526 1223 5566 non
1255 5521 1431 5566 autem
1461 5511 1626 5567 libere
1659 5510 1826 5580 ipsius

241 5598 401 5653 ﬁdem
430 5599 758 5668 proﬁtentes.
792 5601 885 5657 Ille
915 5612 1091 5658 autem
1117 5603 1286 5670 solus,
1334 5611 1520 5670 utpote
1559 5617 1825 5672 generoso

240 5693 420 5747 animo
449 5691 706 5762 praditus
757 5694 824 5751 ad
853 5696 1285 5768 prepugoandam
1317 5696 1592 5753 veritatem
1639 5711 1829 5754 acces-

1948 3219 2093 3272 omni
2117 3220 2404 3288 ignominia
2429 3221 2802 3289 gravissimam
2826 3232 3051 3276 mortem
3075 3225 3537 3292 oppet:ttis,atque

1948 3325 2138 3364 Omnes
2161 3321 2354 3364 vestra:
2387 3311 2666 3366 facultates
2698 3313 2896 3381 populo
2927 3315 3262 3386 addicantur,
3297 3333 3402 3387 quo
3424 3334 3536 3372 mes

1947 3402 2117 3457 moria
2147 3413 2321 3457 vestra
2345 3419 2564 3473 prorsus
2593 3420 2623 3458 a
2674 3415 2812 3460 terra
2863 3407 3132 3463 deleatur.
3161 3410 3293 3464 Nulli
3335 3421 3398 3466 er
3417 3427 3534 3466 cor-

1944 3510 2075 3564 pora
2109 3506 2284 3551 vestra
2337 3497 2523 3552 bestiis
2551 3498 2863 3553 devoranda
2916 3501 3191 3570 objiciam,
3240 3513 3296 3558 et
3338 3503 3536 3561 liberos

1947 3601 2158 3643 vestros
2190 3600 2446 3658 perpetua
2489 3590 2749 3643 servitute
2777 3590 3034 3646 multabo.

2015 3680 2127 3734 I‘Iac
2156 3683 2399 3735 oratione
2431 3696 2460 3734 a
2485 3695 2612 3750 rege
2636 3680 2839 3745 habita,
2879 3682 3051 3750 ipsius
3081 3683 3221 3737 ﬁlius
3256 3682 3338 3739 his
3361 3683 3536 3744 verbis

1944 3783 2073 3824 usus
2101 3778 2223 3823 est:
2254 3770 2485 3838 Equam
2535 3770 2858 3823 sententiam
2894 3769 3158 3824 hodierno
3205 3772 3296 3826 die
3344 3773 3534 3839 tulisti,

1951 3881 1983 3917 ο
2008 3879 2120 3931 rex,
2153 3878 2377 3933 eamque
2408 3863 2564 3916 velim
2592 3863 2732 3917 Deus
2762 3863 3078 3928 conﬁrmet;
3116 3874 3280 3932 atque
3314 3881 3417 3935 ego
3444 3881 3535 3922 ea-

1941 3954 2062 4008 dem
2096 3955 2352 4022 magistro
2373 3967 2494 4007 meo
2518 3952 2658 4007 d.co.
2685 3951 3096 4024 Conversusque
3118 3959 3184 4008 ad
3206 3954 3534 4022 Νηρῇσι-ειη,

1942 4045 2030 4114 qui
2060 4045 2307 4098 Barlaam
2339 4059 2459 4098 esse
2493 4045 2799 4112 putabatur;
2832 4044 2898 4098 ad
2923 4059 3044 4098 eum
3075 4046 3188 4098 ait:
3223 4045 3338 4100 Non
3371 4058 3427 4102 te
3451 4049 3540 4101 ςυ-

1940 4140 2036 4206 git,
2062 4153 2094 4188 υ
2125 4135 2392 4201 Barlaam,
2422 4136 2476 4190 in
2504 4150 2608 4206 qua
2656 4136 2824 4204 gloria
2877 4137 3179 4207 quibusque
3208 4138 3414 4196 deliciis
3447 4156 3534 4197 me

1945 4229 2234 4282 inveneris.
2272 4228 2350 4281 Tu
2389 4236 2565 4282 tamen
2607 4225 2887 4295 permultis
2929 4229 3264 4283 sermonibus
3305 4245 3391 4284 me
3437 4232 3530 4283 δάε

1942 4320 2139 4373 duxisti
2185 4328 2239 4372 ut
2266 4335 2294 4372 a
2322 4318 2506 4386 patriis
2529 4317 2735 4388 legibus
2774 4327 2829 4372 et
2873 4319 3131 4375 institutis
3158 4322 3526 4385 abscederem.

1941 4421 2102 4482 atque
2137 4413 2372 4480 ignotum
2405 4411 2574 4466 Deum
2596 4411 2850 4476 colerem,
2904 4427 3224 4466 arcanorum
3272 4429 3528 4483 quorum-

1859 4496 1914 4560 D
1941 4503 2063 4556 dam
2093 4503 2344 4556 videlicet
2373 4515 2434 4555 ac
2461 4502 2914 4570 sempiternorum
2939 4503 3202 4555 bonorum
3234 4517 3328 4570 spe
3370 4519 3524 4558 men-

1943 4605 2048 4648 tem
2079 4609 2252 4648 meam
2276 4594 2344 4647 ad
2371 4594 2641 4662 sequenda
2687 4602 2778 4647 tua
2808 4593 3077 4664 dogmata,
3119 4603 3173 4648 et
3201 4595 3526 4650 exacerbau-

1939 4688 2066 4743 dum
2100 4689 2268 4757 patris
2297 4687 2401 4742 mei
2434 4701 2497 4741 ac
2531 4685 2733 4740 domini
2765 4687 3002 4740 animum
3051 4703 3138 4741 me
3184 4689 3523 4756 pertrahens.

1940 4780 2200 4848 Quocirca
2221 4781 2289 4834 ita
2321 4779 2590 4841 existima,
2614 4787 2668 4832 te
2700 4794 2844 4833 nunc
2877 4779 3019 4832 velut
3062 4778 3113 4832 in
3137 4784 3328 4833 trutina
3356 4787 3522 4832 stare.

1941 4872 2072 4926 Nam
2102 4873 2144 4924 si
2177 4887 2241 4926 ex
2278 4870 2548 4940 proposito
2581 4870 2875 4924 certamine
2910 4871 3155 4935 superior
3185 4870 3522 4938 discesseris,

1939 4979 2056 5020 eam
2072 4964 2274 5018 scilicet
2291 4977 2449 5032 quam
2466 4961 2592 5014 mihi
2613 4961 2873 5015 tradidisti
2893 4959 3188 5014 doctrinam
3209 4975 3386 5014 veram
3405 4975 3526 5014 esse

1939 5058 2338 5120 demonstrans,
2391 5064 2552 5122 atque
2581 5067 2675 5107 eos
2708 5052 2800 5121 qui
2835 5049 3095 5104 hodierna
3127 5053 3213 5106 die
3243 5051 3395 5105 nobis
3425 5051 3516 5106 ad-

1935 5158 2238 5211 versantur,
2272 5146 2327 5200 in
2373 5161 2556 5199 errore
2586 5145 2789 5199 versari
2841 5142 3155 5210 ostendens,
3190 5155 3246 5198 tu
3300 5145 3516 5214 quidem

1937 5241 2193 5308 majorem
2225 5253 2383 5307 quam
2417 5237 2556 5291 ullus
2597 5250 2827 5303 unquam
2859 5234 3134 5303 habuerit,
3165 5235 3388 5302 gloriam
3437 5249 3525 5289 re-

1936 5330 2096 5397 feres,
2131 5343 2194 5381 ac
2239 5328 2479 5382 veritatis
2528 5341 2701 5395 praeco
2753 5325 3073 5390 vocaberis;
3120 5336 3281 5396 atque
3321 5340 3421 5398 ego
3465 5327 3518 5379 in

1937 5431 2022 5477 tua
2044 5422 2282 5476 doctrina
2313 5421 2582 5490 perstabo,
2611 5417 3015 5487 Christumque,
3064 5418 3517 5487 quemadmodum

1935 5514 2259 5583 praedicasti,
2292 5512 2358 5566 ad
2387 5522 2685 5567 extremum
2730 5524 2897 5579 uSque
2928 5507 3172 5578 spiritum
3201 5510 3393 5565 colam.
3421 5508 3517 5563 Sin

1934 5615 2134 5669 autem,
2167 5605 2279 5659 sive
2313 5603 2458 5669 dolo,
2508 5602 2623 5656 sive
2671 5601 2814 5654 serio
2857 5615 2920 5653 ac
2947 5615 3073 5653 vere
3101 5607 3402 5666 superatus.
3436 5596 3518 5661 ig-

1935 5693 2226 5751 nominiam
2283 5690 2411 5748 mihi
2485 5691 2842 5756 conﬂarem,
2899 5688 3280 5742 contumeliam
3342 5696 3516 5738 meatu
