4010 6254
455 288 559 344 647

1497 288 1585 343 DE
1630 286 1806 346 VlTIS
1849 288 2132 346 PATRUM
2176 291 2375 345 LIBER
2420 292 2690 351 PRIMUS.

3622 294 3734 353 538

453 413 633 467 statim
660 409 906 466 ulciscar.
948 406 1160 463 Etenim
1213 408 1459 462 meismet
1499 408 1744 464 manibus
1771 424 1864 463 cor
1890 419 2037 464 tuum
2075 421 2110 474 Α
2146 411 2397 479 quidquid
2418 423 2598 468 movet
2629 430 2692 468 eo
2710 415 2847 485 quod
2875 425 3117 471 movetur
3139 416 3329 471 fortius
3351 424 3431 471 est
3454 432 3471 481 ;
3492 426 3549 472 et
3586 419 3734 488 quod

455 519 521 561 ac
551 505 782 572 linguam
832 500 1097 563 evellam,
1146 512 1316 568 eaque
1365 513 1484 553 cum
1530 498 1734 568 reliquo
1786 510 1878 555 tuo
1922 516 2042 555 cor-

453 613 586 668 pore
617 596 838 651 canibus
862 594 913 648 in
948 594 1179 663 praedam
1226 593 1387 659 dabo,
1417 600 1478 647 ut
1528 603 1617 645 tuo
1647 597 1899 663 exemplo
1927 610 2043 649 oin-

456 703 555 744 nes
578 702 760 759 regum
792 687 916 740 ﬁliis
965 685 1319 753 impostoram
1373 681 1592 738 minime
1641 685 1817 739 facere
1859 686 2043 740 condi-

450 790 621 835 803M.

528 875 620 927 llis
649 873 823 927 verbis
856 871 1069 939 auditis,
1104 868 1313 923 Nachor
1340 869 1607 937 ingentem
1646 867 1918 922 tristitiam
1973 885 2038 923 ac

454 979 737 1019 maerorem
762 964 1027 1029 concepit,
1064 962 1229 1030 utqui
1259 964 1491 1029 seipsum
1521 962 1574 1014 in
1618 963 1826 1016 fm'eam
1878 976 2036 1029 quam

454 1055 651 1109 fecerat
683 1053 939 1115 incidere,
973 1067 1034 1106 ac
1064 1052 1251 1120 laqueo
1282 1068 1437 1120 quem
1470 1058 1825 1117 absconderat
1857 1065 2036 1131 impli-

454 1149 586 1209 cari,
615 1158 815 1210 suoque
846 1142 1025 1214 gladio
1056 1157 1114 1195 se
1143 1142 1362 1198 confodi
1394 1151 1739 1215 perspiceret.
1774 1151 1906 1207 Cum
1939 1156 2037 1224 igi-

453 1246 540 1291 tur
565 1250 676 1289 rem
709 1249 887 1288 secum
937 1243 1268 1300 reputasset,
1298 1236 1364 1288 ad
1412 1237 1503 1290 ﬁlii
1555 1245 1693 1311 regis
1745 1255 1940 1312 partes,
1978 1259 2036 1301 ut

452 1327 764 1396 impendens
810 1327 927 1380 vita:
957 1327 1243 1380 discrimen
1269 1328 1558 1396 effugeret,
1591 1346 1712 1388 sese
1740 1336 1913 1404 potius
1942 1338 2037 1391 ad-

448 1420 691 1489 jungere,
723 1410 993 1486 ipsiusque
1024 1418 1269 1485 dogmata
1305 1421 1624 1477 coolirmare
1655 1428 1859 1490 statuit,
1892 1428 2033 1496 quod

449 1510 697 1565 videlicet
728 1510 819 1563 ille
846 1508 1047 1574 optimo
1074 1506 1194 1575 jure
1220 1510 1482 1578 supplicio
1510 1525 1632 1566 eum
1662 1512 1878 1570 afﬁcere
1912 1533 2035 1586 pos-

448 1611 550 1663 set,
584 1601 626 1653 si
654 1598 865 1668 quidem
893 1598 1057 1665 ipsius
1086 1598 1322 1652 animum
1352 1600 1680 1656 offendisset.
1714 1606 1783 1657 At
1835 1606 1885 1659 id
1944 1617 2022 1661 to-

450 1701 560 1746 tum
589 1692 780 1745 divinat
809 1691 1155 1760 providentiae
1203 1700 1335 1755 erat,
1367 1708 1486 1761 quae
1533 1696 1804 1767 religionis
1835 1710 2034 1756 nostra;

2145 504 2385 555 continet
2412 512 2571 571 atque
2599 515 2883 559 conservat
2909 506 3099 560 fortius
3125 515 3207 560 est
3252 521 3318 561 eo
3365 508 3508 576 quod
3558 511 3737 562 conti-

2147 607 2300 647 netur
2336 604 2391 648 et
2442 609 2814 652 conscriatur.
2848 600 3107 665 Quocirca
3156 599 3328 667 ipsum
3388 598 3554 651 Deum
3607 615 3735 655 esse

2144 682 2265 736 dico
2305 684 2395 751 qui
2442 688 2621 738 omnia
2671 688 2832 759 305
2881 690 3181 757 procreavit
3222 700 3380 754 atque
3424 700 3732 756 conservat,

2146 778 2343 844 quique
2376 778 2619 847 principii
2677 795 2873 848 expers
2901 788 3001 844 est,
3035 788 3088 834 et
3124 780 3480 845 sempiternus
3531 788 3586 832 ct
3627 781 3732 834 iiii-

2144 869 2406 931 mortalis,
2438 881 2491 922 et
2519 870 2661 922 nulla
2690 886 2747 924 re
2796 871 3060 938 indigens,
3107 871 3465 937 omnibusque
3515 882 3730 938 pertur-

2143 958 2445 1011 batiouzhus
2495 975 2554 1012 ac
2602 960 2899 1015 defectibus
2942 961 3245 1025 sublimior,
3278 961 3378 1013 hoc
3420 971 3503 1014 est
3555 964 3631 1014 ira
3675 969 3735 1016 et

2140 1046 2408 1101 oblivione
2431 1057 2588 1117 atque
2611 1051 2928 1119 ignorantia,
2953 1050 3280 1119 reliquisque
3302 1052 3551 1105 omnibus
3569 1052 3730 1105 rebus

2138 1143 2350 1208 generis
2378 1143 2637 1211 ejusdem.
2675 1145 2773 1197 Per
2819 1144 2991 1213 ipsum
3023 1151 3201 1198 autem
3243 1144 3421 1197 omnia
3447 1158 3732 1212 coagmen-

2139 1238 2247 1284 tata
2272 1241 2326 1285 et
2354 1245 2599 1287 concreta
2632 1244 2754 1288 sunt
2781 1235 2953 1305 (Psal.
2989 1234 3100 1304 xv).
3131 1233 3240 1288 Nec
3272 1250 3399 1289 vero
3449 1236 3728 1290 Sacriﬁcils

2137 1330 2230 1375 aut
2256 1322 2611 1387 libaminibus,
2646 1335 2739 1378 aut
2769 1327 2874 1379 ulla
2898 1326 3000 1377 alia
3027 1342 3083 1380 re
3115 1326 3164 1378 in
3201 1337 3476 1393 aspectum
3502 1327 3729 1382 cadente

2138 1427 2275 1481 upus
2302 1414 2463 1469 habet
2492 1416 2631 1483 (Act.
2668 1417 2825 1486 xvii),
2860 1431 3039 1470 verum
3063 1426 3248 1470 contra
3273 1431 3464 1471 omnes
3510 1432 3731 1486 eoopus

2139 1501 2355 1557 habent.

2208 1594 2342 1651 Cu.
2386 1593 2694 1652 XXVll.—
2728 1597 2821 1651 llis
2863 1597 2933 1651 ita
2983 1599 3050 1653 de
3098 1599 3208 1653 Deo
3252 1600 3724 1664 commemoratis,

2137 1688 2585 1754 quemadmodum
2632 1689 2801 1758 ipsius
2854 1686 3114 1745 beneficio
3161 1691 3291 1744 mihi
3321 1692 3388 1745 de
3434 1695 3550 1761 ipso
3584 1694 3726 1761 loqui

450 1786 660 1840 decreta
692 1786 959 1851 sapienter
989 1798 1082 1851 per
1111 1784 1448 1840 adversarius
1478 1790 1848 1845 coulirmabat.
1896 1791 2027 1848 Nam

2140 1795 2449 1834 conces~um
2506 1791 2626 1845 est,
2658 1782 2723 1835 ad
2777 1783 3067 1836 humanum
3114 1798 3281 1852 genus
3335 1786 3629 1846 veniamus,
3666 1795 3727 1839 ut

449 1889 568 1929 cum
602 1875 861 1927 idolorum
893 1874 1160 1928 antistites
1193 1884 1246 1928 et
1272 1875 1482 1930 Nachnr
1510 1893 1789 1935 sermones
1842 1898 2032 1939 conse-

447 1980 568 2021 rere
612 1964 926 2033 inciperent,
982 1974 1039 2018 ut
1080 1964 1321 2020 Barlaam
1369 1967 1477 2036 ille,
1530 1984 1649 2024 cum
1696 1973 1796 2025 sub
1843 1974 2033 2031 Balaae

444 2054 694 2111 Israelem
725 2054 993 2124 quondam
1024 2057 1296 2110 exsecrari
1340 2072 1403 2111 ac
1431 2058 1561 2113 diris
1612 2061 1875 2118 devovere
1903 2079 2032 2119 con-

444 2150 724 2215 stituisset,
750 2148 930 2202 multis
951 2156 1126 2203 tamen
1154 2164 1275 2203 eum
1302 2165 1363 2203 ac
1389 2151 1548 2203 variis
1569 2151 2029 2211 benedictionibus

444 2241 733 2296 cumulavit
761 2241 780 2311 (
808 2241 1151 2310 Numam),
1176 2240 1241 2294 ad
1293 2238 1539 2295 eumdem
1591 2251 1756 2297 etiam
1810 2251 2026 2301 modum

446 2331 662 2387 Nachor
709 2332 1082 2403 insipientibus
1131 2347 1193 2385 ac
1240 2333 1447 2388 stolidis
1489 2335 1819 2402 sapientibus
1870 2339 2030 2395 vehe-

444 2436 654 2480 menter
674 2423 1061 2477 obluctabatur.
1084 2422 1216 2475 Cum
1230 2423 1370 2475 enim
1402 2438 1489 2477 rex
1510 2425 1560 2476 in
1591 2425 1781 2479 throno
1796 2429 2029 2497 sederet,

443 2525 605 2585 atque
634 2513 798 2582 ipsius
829 2513 988 2577 filius,
1024 2512 1098 2565 uti
1126 2510 1234 2579 jam
1267 2526 1295 2563 a
1336 2511 1490 2565 nubis
1536 2513 1732 2568 dictum
1775 2526 1879 2582 est,
1928 2516 2025 2587 ipsi

443 2606 738 2669 assideret,
768 2605 923 2672 eique
952 2603 1111 2657 etiam
1159 2602 1307 2655 stulti
1356 2602 1600 2657 rhetores
1647 2615 1903 2671 astarent,
1938 2608 2027 2675 qui

446 2707 503 2753 ut
533 2697 765 2767 gladium
800 2696 1008 2765 linguas
1037 2708 1163 2747 suas
1210 2694 1275 2747 ad
1323 2694 1728 2762 appiitnendam
1779 2705 1835 2751 et
1877 2708 2029 2753 ever-

442 2791 656 2844 tendam
687 2792 965 2843 veritatem
994 2796 1246 2841 acuerant
1278 2785 1449 2857 (Psal.
1502 2787 1671 2857 ant),
1704 2790 1901 2858 quique
1924 2830 1939 2855 ,
1974 2799 2031 2844 ut

442 2895 562 2935 cum
595 2879 724 2933 lsaia
756 2878 963 2948 loquar,
998 2877 1231 2931 laborem
1265 2878 1585 2945 parturiunt,
1614 2888 1668 2933 et
1692 2876 2029 2948 iniquitatem

442 2969 654 3039 pariunt
687 2965 865 3039 (Isaia:
898 2967 1031 3037 ιιι),
1064 2965 1232 3036 plebis
1262 2965 1419 3020 etiam
1449 2966 1514 3021 ad
1562 2970 1868 3025 certaminis
1913 2986 2029 3041 spe-

442 3061 707 3117 ctaculum
761 3060 1164 3115 innumerabilis
1219 3059 1503 3114 multitudo
1550 3064 1935 3134 conﬂuxrsset,
1968 3073 2027 3120 ut

2134 1872 2349 1937 quinam
2383 1872 2616 1938 ipsorum
2653 1873 2913 1936 veritatis,
2946 1875 3162 1942 quinam
3192 1876 3385 1929 erroris
3425 1877 3720 1943 participes

2133 1960 2243 2013 sint
2272 1963 2684 2028 conSpiciamus.
2719 1962 2847 2016 lllttd
2880 1979 3044 2029 enim,
3074 1979 3108 2019 ο
3139 1981 3247 2031 rex,
3278 1966 3414 2019 inter
3454 1982 3551 2020 nos
3578 1981 3714 2019 cou-

2131 2061 2256 2117 stat,
2290 2050 2390 2106 tria
2422 2055 2472 2106 in
2519 2055 2719 2109 mundo
2750 2057 3023 2110 hominum
3066 2073 3260 2129 genera
3288 2073 3425 2121 esse,
3458 2060 3714 2113 nimirum

2132 2157 2229 2198 eos
2256 2145 2343 2212 qui
2377 2144 2514 2212 apud
2547 2160 2641 2199 vos
2674 2146 2895 2200 deorum
2939 2148 3173 2204 cultores
3216 2148 3465 2203 dicuntur
3488 2188 3502 2214 ,
3531 2160 3585 2203 et
3627 2148 3724 2202 Ju-

2131 2236 2298 2301 da-os,
2327 2246 2381 2291 et
2421 2238 2779 2294 Christianos.
2827 2243 2905 2295 Ac
2934 2256 3141 2295 rursum
3173 2258 3358 2296 eorum
3391 2245 3481 2311 qui
3522 2245 3720 2299 multos

2131 2328 2260 2383 deos
2304 2330 2486 2384 colunt
2540 2333 2728 2400 triplex
2772 2348 2939 2402 genus
2983 2348 3138 2397 esse,
3172 2349 3367 2404 nempe
3416 2335 3717 2402 Chaldaeus,

2132 2419 2348 2473 Graecos
2369 2431 2423 2473 et
2454 2421 2758 2491 Egyptios.
2789 2422 2919 2477 Nam
2945 2422 2996 2474 hi
3022 2423 3241 2490 reliquis
3270 2424 3575 2479 nationibus
3602 2427 3720 2493 plu-

2133 2512 2269 2563 riuin
2300 2512 2521 2566 deorum
2553 2516 2729 2566 cultus
2759 2524 2813 2568 et
2842 2515 3167 2568 adoratiunis
3198 2516 3359 2569 duces
3389 2529 3451 2569 ac
3479 2516 3715 2585 magistri

2132 2600 2369 2655 fuerunt.
2414 2604 2675 2667 Quocirca
2722 2606 2937 2674 quinam
2977 2605 3211 2673 ipstirum
3244 2606 3296 2660 in
3326 2606 3573 2671 veritate,
3595 2624 3719 2676 qut-

2132 2707 2253 2745 natn
2286 2693 2337 2746 in
2360 2708 2544 2749 errore
2571 2705 2870 2763 versentur,
2898 2697 3191 2752 videamus.
3222 2698 3299 2752 Ac
3324 2696 3565 2751 Chaldaei
3596 2701 3718 2768 qui-

2134 2783 2257 2837 dem
2304 2785 2469 2839 Deutu
2502 2786 2829 2855 ignorantes,
2863 2799 2982 2857 post
3010 2789 3280 2844 elementa
3312 2790 3716 2854 aberraveruut,

2130 2889 2322 2945 resque
2343 2876 2587 2931 conditas
2608 2877 2881 2933 Creatoris
2904 2879 3021 2934 loco
3043 2879 3219 2934 colere
3240 2889 3519 2949 coeperunt
3544 2898 3556 2932 :
3585 2895 3711 2950 qua-

2134 2982 2251 3020 rum
2280 2969 2441 3021 etiam
2464 2982 2584 3023 cum
2610 2969 2809 3025 formas
2831 2971 3085 3037 quasdam
3108 2971 3430 3033 ellecisseut,
3452 2986 3544 3024 eas
3572 2972 3713 3035 cmli,

2132 3067 2183 3111 et
2211 3067 2391 3123 terrm,
2425 3067 2480 3113 et
2510 3061 2693 3127 maris,
2718 3071 2773 3115 et
2802 3061 2954 3127 solis,
2986 3076 3049 3116 ac
3079 3063 3216 3116 luna:
3237 3103 3252 3129 ,
3283 3061 3718 3132 reliquorumque

441 3160 557 3207 utra
583 3167 706 3222 pars
731 3151 1006 3205 victoriam
1033 3150 1420 3220 adipisceretur
1443 3163 1813 3221 cognosceret,
1847 3155 2029 3211 rheto-
2058 3149 2105 3212 C
2139 3150 2527 3205 elementorum
2550 3161 2603 3206 et
2623 3153 2859 3206 siderum
2893 3155 3114 3223 ﬁguram
3142 3154 3501 3224 appellarunt,
3519 3169 3717 3224 easque

441 3257 559 3298 rum
591 3258 749 3309 unus,
781 3242 870 3310 qui
897 3242 1142 3296 omnibus
1191 3242 1434 3297 doctrina
1479 3247 1785 3313 przestabat,
1813 3248 1881 3303 ad
1929 3248 2032 3303 Na-

440 3334 658 3388 chorem
689 3334 825 3387 dixit
858 3350 872 3385 :
902 3332 1052 3386 Tune
1077 3347 1135 3386 es
1166 3332 1255 3386 ille
1280 3349 1447 3402 usque
1472 3336 1606 3388 adeo
1636 3336 1830 3397 audax,
1863 3349 2027 3407 atque

442 3429 495 3485 in
525 3429 656 3482 deos
683 3437 897 3481 nostros
921 3426 1343 3481 contumeliosus
1372 3427 1613 3481 Barlaam
1644 3469 1659 3495 ,
1690 3433 1779 3498 qui
1823 3432 2029 3485 charis-

442 3518 637 3572 simnm
669 3518 812 3589 regis
842 3523 1006 3570 hlium
1037 3517 1088 3571 in
1133 3516 1396 3588 ejusmodi
1443 3534 1681 3573 errorem
1732 3522 2028 3590 COIIjCCiali,

439 3626 671 3682 cumque
697 3609 1008 3665 crucifixum
1039 3610 1221 3665 colere
1265 3611 1539 3665 docuisti?
1578 3610 1873 3682 Respondit
1920 3615 2027 3669 Na-

444 3705 577 3758 chor
601 3721 614 3759 :
636 3702 802 3768 Sane,
830 3718 929 3772 ego
958 3718 1075 3756 sum
1109 3703 1372 3768 Barlaam,
1401 3705 1488 3773 qui
1514 3704 1643 3759 deos
1674 3716 1810 3773 tuos,
1842 3722 2029 3777 quem-

441 3794 728 3850 admodum
772 3794 990 3858 dixisti,
1024 3794 1177 3849 nihili
1222 3795 1419 3864 pendo,
1454 3795 1649 3866 quique
1681 3799 1821 3867 regis
1865 3799 2029 3853 lilium

446 3901 550 3941 n0n
583 3888 635 3941 in
667 3902 906 3941 errorem
935 3887 1161 3954 conjeci,
1189 3887 1282 3941 sed
1306 3902 1490 3942 errore
1515 3888 1757 3955 liberavi,
1785 3900 1944 3960 atque
1964 3890 2029 3945 ad

443 3992 627 4031 verum
652 3977 820 4031 Deum
846 3975 1084 4045 adjunxi.
1112 3978 1247 4032 Tum
1280 3979 1464 4033 rhetor
1489 3980 1581 4035 ille
1623 3981 1686 4034 ad
1735 3983 1873 4036 hunc
1917 3998 2031 4036 mo-

444 4067 571 4121 dum
600 4067 812 4120 locutus
836 4077 959 4121 est:
992 4066 1251 4132 Quoniam
1300 4072 1477 4141 magni
1527 4081 1581 4126 et
1623 4073 1804 4127 eximii
1851 4073 1971 4140 viri,
2000 4090 2029 4128 a

446 4158 643 4226 quibus
668 4157 843 4210 omnis
865 4157 1123 4226 sapientia
1149 4169 1202 4212 et
1232 4160 1453 4215 scientia
1488 4163 1697 4217 inventa
1731 4174 1830 4224 est.
1865 4165 2032 4219 subli-

451 4264 567 4307 mes
590 4248 722 4303 deos
750 4258 911 4316 atque
959 4249 1290 4305 immortales
1319 4267 1410 4306 eos
1457 4263 1783 4323 nuncupent,
1817 4270 2032 4311 omnes—

449 4357 552 4412 que
592 4341 740 4397 orbis
764 4349 920 4396 terrze
946 4346 1099 4408 reges
1124 4350 1178 4395 et
1204 4341 1437 4398 illustres
1462 4345 1557 4398 viri
1590 4345 1733 4412 ipsos
1762 4348 1942 4401 colant
1969 4362 2032 4401 ac

449 4441 795 4498 venerentur,
816 4448 1045 4504 quonam
1066 4433 1225 4487 modo
1249 4433 1362 4504 ipse
1394 4436 1623 4506 linguam
1655 4437 1911 4491 adversus
1937 4453 2032 4493 eos

447 4527 616 4593 acuis,
646 4536 806 4596 atque
839 4525 1058 4580 omnino
1089 4540 1152 4580 eo
1194 4528 1427 4581 audacia:
1458 4529 1782 4598 prorumpis,
1811 4538 1870 4583 ut
1915 4529 2030 4585 haec

448 4616 723 4689 proferas?
751 4616 993 4684 Quonam
1025 4617 1152 4672 item
1183 4629 1497 4687 argumento
1548 4619 1742 4688 probas
1766 4635 1860 4674 eos
1901 4620 2031 4675 deos

449 4727 553 4766 non
583 4725 724 4777 esse,
757 4712 850 4765 sed
876 4725 998 4765 eum
1047 4710 1135 4779 qui
1186 4710 1330 4765 cruci
1373 4710 1566 4763 afﬁxus
1596 4711 1716 4764 est?
1749 4711 2032 4780 Excipieus

447 4812 622 4858 autem
672 4816 977 4857 sermonem
1024 4801 1253 4865 Nachor,
1299 4802 1567 4857 rhetorem
1618 4802 1830 4871 quidem
1883 4804 2030 4857 illum

450 4898 596 4952 nullo
626 4911 884 4965 responso
914 4894 1162 4964 dignatus
1189 4904 1273 4950 est
1297 4911 1310 4960 ;
1345 4910 1527 4950 verum
1551 4911 1671 4950 cum
1700 4895 1836 4962 plebi
1865 4895 2032 4949 silc-n-

450 4989 581 5041 tium
611 5004 770 5041 mantt
800 4986 1101 5050 indixisset,
1135 4995 1296 5055 atque
1339 5000 1400 5040 os
1425 5001 1575 5039 suum
1601 5027 1616 5049 ,
1647 4994 1898 5053 tauquam
1942 4986 2031 5039 illa

447 5076 595 5130 asina
623 5077 857 5141 Balaam,
882 5077 1202 5145 aperuisset,
1227 5089 1288 5130 ea
1317 5091 1434 5144 qua:
1465 5076 1645 5130 dicere
1698 5075 1918 5130 minime
1946 5076 2031 5129 iii-

449 5169 696 5222 stituerat
729 5169 1036 5236 prolocutus
1067 5178 1167 5234 est,
1200 5169 1380 5239 aitque
1402 5169 1466 5222 ad
1495 5184 1673 5239 regem
1706 5186 1719 5222 :
1753 5168 1884 5239 Ego,
1913 5184 2030 5238 rex,

451 5256 545 5312 Dei
578 5257 908 5327 providentia
936 5258 987 5312 in
1032 5259 1287 5314 mundum
1311 5260 1432 5314 veni
1458 5277 1472 5326 ;
1502 5269 1898 5331 conspectuque
1927 5276 2037 5316 cce-

451 5348 527 5413 lo,
574 5356 740 5413 terra,
793 5350 952 5415 mari,
1013 5350 1150 5416 sole,
1201 5365 1265 5405 ac
1314 5351 1458 5417 luna,
1523 5350 1850 5422 reliquisque
1892 5354 2039 5421 ejus-

449 5438 596 5496 modi
628 5439 810 5506 rebus,
842 5455 1023 5495 earum
1053 5453 1299 5497 ornatum
1348 5444 1643 5497 admiratus
1691 5457 1829 5497 sum.
1883 5443 2035 5497 Mun-

449 5533 576 5586 dum
605 5538 803 5596 autem,
834 5544 1003 5601 eaque
1031 5534 1209 5587 omnia
1239 5548 1357 5602 quae
1387 5534 1552 5602 ipsius
1577 5533 1859 5601 complexu
1905 5549 2036 5588 con-

448 5620 711 5686 tinentur,
738 5623 1042 5676 necessario
1072 5623 1279 5677 moveri
1307 5624 1668 5691 conspiciens,
1703 5638 1823 5677 eum
1854 5638 1882 5675 a
1928 5637 2035 5693 quo

447 5717 691 5769 movetur
715 5718 769 5769 et
798 5723 1145 5770 conservatur
1166 5710 1333 5768 Deum
1360 5725 1479 5769 esse
1517 5712 1776 5769 intellexi.
1823 5713 2033 5770 Etenim

2133 3257 2218 3297 res
2250 3243 2302 3296 in
2336 3244 2546 3312 templis
2578 3245 2859 3299 conclusas
2889 3247 3136 3312 adorant,
3167 3262 3229 3301 ac
3257 3247 3391 3302 deos
3421 3247 3716 3315 appellant.

2130 3332 2278 3399 Quos
2312 3334 2470 3388 etiam
2500 3334 2781 3404 diligenter
2809 3351 2872 3392 ac
2899 3344 3140 3391 studiose
3167 3347 3385 3392 servant
3432 3354 3500 3391 ue
3525 3354 3555 3391 a
3584 3337 3719 3391 furi-

2132 3424 2232 3478 bus
2259 3425 2645 3494 subripiamiir.
2675 3426 2784 3480 Nec
2825 3427 2955 3480 illud
3002 3428 3128 3496 ipsis
3177 3430 3228 3481 in
3272 3437 3504 3482 mentem
3552 3438 3717 3499 venit,

2131 3517 2384 3586 quidquid
2409 3528 2590 3572 servat
2617 3533 2685 3572 eo
2705 3519 2845 3586 quod
2874 3530 3117 3574 servatur
3141 3518 3313 3588 majus
3335 3533 3480 3585 esse,
3505 3530 3559 3574 et
3591 3522 3717 3576 item

2132 3623 2254 3663 eum
2284 3611 2372 3677 qui
2402 3610 2601 3679 aliquid
2642 3610 2806 3665 efﬁcit
2835 3627 2900 3665 eo
2943 3613 3084 3681 quod
3116 3613 3347 3667 efficitur
3378 3618 3717 3681 prmstautio-

2133 3714 2245 3754 rem
2274 3716 2417 3754 esse.
2464 3700 2597 3755 Nam
2631 3703 2673 3756 si
2700 3704 2933 3771 ipsorum
2962 3704 3035 3757 dii
3066 3719 3130 3759 ea
3176 3705 3548 3761 imbecillitate
3574 3716 3717 3768 sunt,

2134 3800 2190 3844 ut
2219 3791 2376 3845 saluti
2424 3806 2535 3846 sua:
2579 3794 2865 3849 consulere
2910 3805 3209 3865 nequeant,
3237 3811 3469 3865 quonam
3505 3797 3718 3851 tandem

2134 3894 2289 3948 pacto
2316 3882 2433 3937 aliis
2481 3884 2706 3938 salutem
2752 3885 3012 3940 aﬂ’erent‘!
3062 3889 3239 3958 Itaque
3289 3904 3482 3959 magno
3529 3904 3718 3944 errore

2133 3972 2368 4026 Chaldaei
2418 3973 2553 4042 lapsi
2599 3983 2764 4044 sunt,
2797 3988 3035 4034 mortuas
3084 3991 3137 4035 et
3186 3982 3428 4036 utilitatis
3476 3992 3721 4052 expet-tes

2133 4073 2336 4118 statuas
2375 4076 2710 4121 venerantes.
2742 4070 2917 4137 Atque
2965 4072 3125 4125 etiam
3167 4072 3297 4127 mihi
3344 4074 3526 4127 mirari
3558 4075 3723 4138 subit,

2134 4169 2165 4208 ο
2192 4170 2309 4221 rex,
2337 4171 2569 4225 quonam
2603 4160 2760 4211 modo
2786 4160 2824 4213 ii
2854 4160 2945 4230 qui
2976 4163 3113 4231 apud
3142 4178 3236 4218 eos
3283 4163 3724 4234 philosophorum

2139 4263 2334 4302 nomen
2357 4251 2624 4314 obtinent,
2649 4252 2778 4306 illud
2806 4254 3211 4325 haudquaquam
3230 4258 3725 4325 animadverterint,

2136 4341 2398 4397 elementa
2427 4358 2535 4413 quo
2557 4361 2641 4411 lue
2670 4347 2908 4400 interitui
2940 4348 3170 4404 obnoxia
3192 4363 3334 4405 esse.
3360 4350 3513 4417 Quod
3537 4352 3583 4404 si
3613 4353 3725 4407 ele-

2138 4444 2315 4487 menta
2345 4436 2581 4489 interitui
2609 4437 2829 4490 omnino
2850 4438 3077 4493 obnoxia
3108 4454 3171 4495 ac
3191 4443 3428 4511 subjecta
3462 4452 3608 4508 sunt,
3631 4443 3724 4512 qui

2061 4508 2109 4572 D
2137 4524 2347 4577 tandem
2393 4523 2466 4577 dii
2515 4538 2637 4579 esse
2687 4528 2919 4595 queant?
2950 4528 3100 4595 Quod
3145 4531 3189 4584 si
3222 4508 3484 4586 elementa
3516 4533 3589 4585 dii
3620 4508 3725 4587 non

2138 4617 2265 4679 sint,
2296 4630 2527 4684 quonam
2559 4620 2718 4672 modo
2746 4628 2957 4689 statuae,
2986 4637 3103 4692 qua:
3143 4638 3328 4679 eorum
3357 4630 3572 4680 nomine
3601 4641 3725 4680 co..-

2140 4719 2439 4770 Struuntur,
2474 4710 2545 4763 dii
2576 4711 2765 4763 erunt?
3472 4710 3476 4714 ’

2206 4801 2287 4856 Ad
2314 4802 2423 4868 ipsa
2472 4800 2631 4871 igitur
2660 4802 2949 4867 elementa,
2983 4819 3017 4860 ο
3044 4820 3157 4871 rex,
3192 4806 3539 4871 accedamus,
3565 4816 3622 4861 ut
3664 4822 3725 4864 ea

2136 4892 2266 4946 deos
2292 4908 2396 4946 non
2423 4908 2546 4948 esse
2572 4893 3024 4963 demonstremus,
3049 4898 3141 4952 sed
3164 4900 3496 4966 corruptioni
3522 4914 3585 4952 ac
3613 4917 3728 4954 mu-

2141 4983 2326 5036 tationi
2355 4983 2616 5053 subjecta,
2667 4996 2829 5055 atque
2874 5001 2940 5042 ex
2981 4988 3148 5044 nihilo
3176 4991 3226 5044 in
3267 5000 3446 5045 ortum
3494 4993 3605 5045 veri
3640 4991 3728 5047 Dei

2134 5072 2285 5142 jussu
2318 5075 2572 5141 producta
2602 5090 2739 5137 esse,
2773 5078 2860 5146 qui
2892 5079 3107 5147 quidem
3150 5082 3509 5150 corruptioitis
3542 5091 3596 5136 et
3628 5082 3729 5134 im-

2142 5165 2453 5218 mutationis
2493 5181 2687 5234 expers
2718 5176 2821 5227 est,
2855 5177 2908 5221 et
2953 5169 3251 5235 invisibilis,
3285 5182 3582 5239 contraque
3618 5187 3731 5239 ipse

2140 5255 2316 5307 omnia
2340 5255 2530 5319 cernit,
2558 5264 2612 5309 et
2640 5257 2900 5312 arbitratu
2928 5274 3025 5313 suo
3054 5261 3295 5317 immutat
3321 5272 3482 5332 atque
3502 5277 3733 5316 conver-

2143 5346 2224 5400 tit.
2258 5345 2393 5413 Quid
2421 5347 2585 5417 igitur
2613 5347 2680 5401 de
2709 5349 2993 5403 elementis
3015 5350 3171 5405 dico?

2212 5439 2311 5505 Qui
2358 5440 2552 5494 caelum
2602 5440 2758 5494 deum
2805 5455 2924 5495 esse
2970 5444 3562 5512 arbitrantur,errant.
3594 5446 3730 5504 Nam

2141 5529 2314 5597 ipsum
2338 5530 2604 5593 converti,
2632 5544 2693 5583 ac
2719 5532 3024 5587 necessario
3052 5534 3281 5599 moveri,
3303 5546 3463 5606 atque
3492 5552 3558 5593 ex
3594 5538 3732 5591 mul-

2141 5624 2208 5676 tis
2240 5622 2402 5677 rebus
2430 5634 2678 5677 conslare
2720 5624 2989 5691 videmus;
3025 5636 3305 5697 propterea
3350 5632 3492 5685 enim
3534 5632 3731 5703 κόσμος

2139 5712 2189 5768 id
2218 5712 2559 5770 est‘ruundus
2599 5714 2911 5785 appellatur.
2944 5715 3167 5774 Mundus
3197 5734 3358 5793 porro
3386 5720 3607 5777 artiﬁcis
3638 5737 3705 5777 cu
