4010 6238
260 244 364 305 διε

727 243 883 299 γιτλ
928 240 1345 299 SANCTORUM
1392 238 1714 294 DARLAMI
1763 238 2092 295 EREMITE
2135 240 2222 294 ET
2262 240 2619 297 JtlSAPﬂAT
2659 242 2867 297 lNDi/E
2908 244 3131 300 REGIS.

3422 246 3528 299 550

250 353 458 429 jusdam
489 353 818 407 constructio
847 351 1119 417 εει.ουοά
1144 360 1319 405 autem
1343 356 1705 405 constructum
1730 357 1832 409 est,
1868 348 1917 404 Δ
2013 349 2287 403 Cousimili
2318 350 2478 404 etiam
2510 351 2668 407 modo
2699 354 2731 405 ii
2757 353 2845 420 qui
2876 353 3052 408 lunam
3078 353 3234 409 deam
3262 369 3383 412 esse
3412 372 3530 426 opt-

253 444 572 512 priucipium
600 456 664 497 ac
692 444 850 499 linem
875 442 1052 497 habet.
1093 444 1161 495 At
1190 442 1383 496 coelum
1414 456 1515 494 una
1545 455 1664 494 cum
1695 438 1831 493 side-

252 536 396 591 ribus
426 532 541 587 suis
572 533 877 587 necessario
914 540 1188 595 movetur;
1220 530 1482 599 siquidem
1514 539 1658 583 astra
1686 538 1837 584 certo

249 624 441 679 ordine
467 638 531 677 ac
556 623 733 688 Spatio
764 609 1012 689 impulsa,
1044 636 1071 672 a
1101 630 1296 688 puncto
1327 620 1377 673 in
1410 628 1685 688 punctum,
1720 633 1840 686 par-

248 719 345 771 tim
396 714 669 778 occidunt,
703 712 893 783 partim
949 712 1297 778 exoriuntur,
1324 713 1589 782 certisque
1634 721 1839 778 tempo-

249 824 365 862 rum
402 807 590 875 spatiis
618 807 719 861 iter
752 820 906 859 suum
954 805 1174 871 obeunt,
1208 812 1263 860 ut
1289 813 1502 861 aestates
1530 814 1582 859 et
1613 805 1836 867 hiemes,

250 896 704 967 quemadmodum
734 895 861 963 ipsis
883 909 911 946 a
945 893 1056 948 Deo
1091 895 1409 962 imperatum
1441 906 1553 961 est,
1579 893 1834 947 efficiant.

249 989 357 1043 Nec
380 988 523 1056 leges
543 987 644 1041 sibi
664 985 814 1055 juxta
838 985 1206 1040 inevitabilem
1237 994 1441 1039 natura:
1466 983 1837 1040 necessitatem

251 1082 569 1137 constitutas
597 1063 721 1134 cum
766 1079 976 1134 caelesti
1024 1087 1215 1133 ornatu
1266 1078 1579 1145 iufringunt.
1630 1079 1702 1131 Ex
1735 1092 1840 1141 quo

252 1174 590 1244 perspicuum
644 1180 747 1240 est,
777 1171 973 1227 cmlum
1030 1188 1137 1227 non
1186 1171 1369 1238 deum,
1416 1172 1509 1227 sed
1566 1172 1657 1226 Del
1705 1186 1840 1241 Opus

252 1281 393 1321 esse.

321 1359 426 1425 Qui
455 1367 638 1413 autem
683 1367 877 1413 terram
912 1357 1065 1412 deam
1094 1372 1213 1412 esse
1243 1367 1483 1422 censent,
1512 1365 1712 1413 errant.
1753 1356 1842 1411 Vi-

253 1451 444 1506 demus
489 1450 630 1505 enim
663 1466 779 1503 eam
812 1449 880 1503 ab
912 1450 1216 1503 hominibus
1247 1448 1437 1517 injuria
1473 1449 1635 1512 affici,
1668 1458 1721 1502 et
1751 1463 1843 1500 eo-

250 1556 366 1595 rum
396 1540 621 1610 itnperio
644 1539 935 1607 subjectam
961 1553 1105 1603 esse,
1125 1538 1283 1592 effodi
1307 1541 1466 1593 etiam
1498 1550 1550 1593 et
1574 1538 1837 1592 contami-

251 1631 399 1699 nari,
429 1642 589 1700 atque
640 1629 879 1684 inuti'em
932 1629 1065 1684 fieri.
1122 1629 1251 1683 Nam
1291 1632 1337 1683 si
1366 1630 1485 1698 igne
1535 1639 1835 1695 torreatur,

1942 449 2157 505 uantur,
2190 451 2388 495 errant.
2427 442 2553 495 Nam
2580 443 2747 511 ipsam
2776 445 3077 498 necessario
3106 450 3309 503 moveri
3339 456 3394 501 et
3424 449 3526 503 im-

1940 534 2131 585 tuutari
2164 533 2424 597 videmus,
2447 546 2604 601 atque
2631 549 2657 586 a
2688 545 2885 601 puncto
2908 535 2959 587 in
2983 546 3233 603 punctum
3267 539 3522 608 migrare,

1939 633 1992 677 et
2008 623 2071 678 ad
2096 626 2363 678 hominum
2385 625 2665 679 utilitatem
2686 643 2825 681 nunc
2852 628 3073 694 exoriri,
3092 644 3232 682 nunc
3251 632 3519 698 occidere,

1939 729 2002 768 ac
2032 715 2142 769 sole
2175 719 2433 771 minorem
2480 733 2630 784 esse;
2663 721 2843 787 augeri
2874 721 3034 774 etiam
3067 730 3226 788 atque
3258 723 3524 789 imminui,

1940 820 2002 860 ac
2030 807 2259 876 deliquia
2293 808 2558 862 interdum
2588 808 2715 878 pati.
2762 811 2938 875 Quare
2986 810 3100 867 ﬁeri
3131 830 3235 867 non
3268 823 3438 883 potest
3470 826 3528 871 ut

1939 897 2065 951 luna
2090 900 2185 952 dea
2217 901 2306 967 sit,
2341 917 2525 956 verum
2554 902 2646 957 Dei
2679 919 2834 972 opus.

2014 990 2253 1061 Denique
2281 992 2369 1061 qui
2403 995 2671 1048 hominem
2713 994 2871 1050 deum
2902 1010 3022 1049 esse
3054 996 3382 1051 arbitrantur
3441 1013 3527 1053 er-

1940 1090 2079 1135 rant.
2108 1082 2239 1136 Nam
2280 1098 2402 1136 eum
2432 1085 2734 1139 necessario
2764 1087 2987 1153 moveri,
3019 1096 3072 1140 et
3101 1088 3192 1152 ali,
3223 1099 3277 1143 et
3299 1090 3520 1143 invitum

1942 1173 2101 1225 etiam
2130 1188 2413 1227 senescere
2459 1175 2721 1242 videmus,
2751 1186 2912 1245 atque
2955 1178 3216 1233 interdum
3249 1181 3524 1247 delectari,

1943 1261 2209 1316 interdum
2264 1280 2497 1319 mmrnre
2544 1266 2705 1327 affici.
2733 1269 2960 1337 ciboque
3001 1285 3065 1324 ac
3113 1282 3233 1337 potu
3286 1280 3339 1326 et
3383 1285 3530 1328 veste

1942 1352 2203 1421 indigere.
2260 1355 2576 1409 iracundum
2627 1359 2787 1411 etiam
2840 1369 2999 1427 atque
3046 1362 3281 1415 invidum
3310 1378 3449 1425 es~e,
3476 1375 3531 1418 et

1941 1442 2163 1498 libidine
2191 1446 2420 1511 incitari,
2445 1456 2499 1501 ct
2528 1447 2838 1515 pmuitentia
2862 1450 3006 1515 duci,
3025 1468 3088 1504 ac
3111 1453 3288 1506 multis
3310 1455 3533 1507 defecti-

1946 1534 2045 1588 bus
2074 1534 2340 1590 laborare.
2374 1536 2570 1591 Verum
2602 1539 2784 1593 multis
2824 1540 2982 1594 etiam
3016 1542 3187 1595 modis
3231 1547 3531 1613 corrumpi-

1947 1632 2054 1689 tur,
2085 1624 2337 1680 nimirum
2384 1626 2452 1681 ah
2503 1628 2804 1694 elementis,
2833 1640 2888 1684 et
2933 1631 3315 1693 animantibus,
3340 1649 3401 1687 ac
3432 1650 3531 1703 po-

250 1723 509 1775 emnritur
536 1762 551 1787 ,
579 1720 840 1789 siquidem
884 1734 947 1774 ex
998 1726 1132 1774 testa
1175 1720 1304 1773 nihil
1344 1719 1474 1775 oriri
1520 1728 1714 1789 potest.
1766 1723 1840 1776 Ac
1875 1711 1916 1768 Β
1945 1726 2200 1768 stretnoa
2235 1726 2407 1769 morte
2453 1716 2555 1786 ipsi
2595 1717 2928 1772 imminente.
2983 1720 3057 1775 Ex
3085 1736 3190 1789 quo
3218 1721 3451 1776 efﬁcitur
3479 1732 3533 1778 ut

250 1821 509 1880 praeterea
538 1811 583 1866 si
615 1812 873 1865 imbribus
900 1810 1122 1864 nimium
1156 1812 1520 1879 perfundatur,
1555 1820 1667 1865 tum
1700 1812 1838 1879 ipsa,

250 1915 362 1960 tum
395 1907 562 1975 ipsius
590 1905 791 1960 fructus
820 1914 1254 1974 corrumpuntur.
1286 1906 1424 1971 Quin
1444 1905 1511 1957 ab
1534 1904 1840 1959 hominibus

253 2000 585 2068 reliquisque
632 1996 995 2051 animantibus
1042 1997 1399 2063 proculcatur,
1443 1996 1689 2049 interfect
1727 2011 1842 2048 rum

250 2089 511 2157 sanguine
532 2088 862 2155 inquinatur,
883 2086 1152 2153 effoditur,
1174 2088 1495 2156 completur,
1518 2086 1837 2140 cadaverum

252 2177 409 2232 theca
440 2178 688 2231 efﬁcitur.
712 2178 842 2241 Qua:
871 2191 989 2229 cum
1021 2177 1090 2229 ita
1122 2176 1250 2237 sint,
1294 2176 1407 2229 ﬁeri
1439 2192 1539 2228 non
1579 2187 1701 2244 pote
1733 2183 1754 2229 t
1790 2185 1847 2228 ut

254 2278 401 2322 terra
433 2269 532 2324 dea
562 2269 661 2335 sit,
695 2267 787 2323 sed
819 2281 905 2321 res
934 2281 964 2321 a
997 2265 1105 2320 Deo
1150 2266 1215 2320 ad
1259 2267 1533 2321 homihum
1580 2282 1732 2320 usum
1763 2264 1845 2320 ef-

253 2359 416 2414 fecta.

326 2448 529 2503 Eodem
561 2450 738 2513 modo,
768 2449 855 2517 qui
877 2462 1065 2517 aquam
1089 2448 1241 2502 deant
1265 2463 1386 2503 esse
1417 2458 1619 2513 pittant,
1637 2455 1840 2501 errant.

255 2538 384 2594 Nam
417 2553 477 2593 ea
510 2552 723 2607 quoque
762 2539 826 2591 ad
882 2538 1155 2590 hominum
1211 2552 1365 2590 usum
1416 2548 1692 2605 procieata
1723 2546 1840 2601 est,

257 2642 544 2697 eorumque
586 2627 941 2682 dominationi
993 2628 1200 2681 subest.
1246 2628 1653 2681 Coutaminatur
1681 2627 1841 2680 etiam

257 2736 305 2777 et
333 2722 703 2786 labefactatur,
724 2732 777 2775 et
825 2736 946 2775 ctua
978 2720 1099 2789 igne
1128 2727 1308 2774 coacta
1358 2728 1461 2786 est,
1493 2721 1840 2772 immntatur:

258 2816 391 2868 alios
438 2821 598 2883 atque
626 2813 761 2867 alios
790 2811 1017 2867 subinde
1048 2811 1256 2864 colores
1297 2810 1479 2875 sumit,
1511 2819 1692 2877 utpote
1723 2822 1841 2877 qua:

257 2916 310 2957 et
337 2904 538 2973 frigore
584 2911 929 2967 concrescat,
964 2909 1018 2956 et
1045 2916 1110 2956 ex
1142 2912 1333 2955 cruore
1361 2899 1667 2966 spurcitiem
1709 2914 1842 2952 cou-

260 2997 456 3059 trahat,
488 3002 543 3047 et
570 2993 636 3046 ad
669 2992 996 3062 impurarum
1027 2993 1267 3045 omnium
1306 3004 1483 3044 rerum
1514 2990 1843 3043 ablutionem

1947 1805 2109 1861 homo
2131 1807 2264 1862 deus
2292 1822 2412 1865 esse
2442 1820 2691 1878 nequeat,
2722 1811 2816 1864 sed
2851 1811 2943 1865 Dei
2971 1828 3124 1881 opus.
3159 1815 3419 1879 Quocirca
3454 1817 3532 1868 iu-

1944 1897 2091 1965 genti
2145 1913 2331 1952 errore
2385 1896 2622 1952 Chaldaei
2682 1900 2815 1967 lapsi
2864 1910 3005 1967 sunt,
3041 1901 3166 1955 dum
3219 1904 3530 1973 opinionum

1945 2001 2163 2041 suarum
2185 2000 2487 2043 commenta
2515 2000 2830 2059 sequuntur.
2854 1991 3130 2047 Elementa
3155 1994 3316 2059 enim,
3336 1996 3386 2048 iu
3412 2012 3531 2065 quae

1946 2076 2191 2131 interitus
2216 2079 2380 2143 cadit,
2408 2095 2471 2134 ac
2500 2088 2738 2134 mortuas
2760 2090 2962 2136 statuas
2986 2093 3329 2152 venerantur,
3352 2100 3450 2142 nec
3472 2102 3533 2142 se

1947 2172 1998 2225 in
2027 2172 2244 2227 deorum
2270 2189 2548 2228 numerum
2580 2190 2643 2230 ea
2674 2176 2876 2231 referre
2905 2180 3159 2231 sentiunt.

2020 2266 2099 2319 Ad
2128 2264 2345 2320 Grmcos
2371 2264 2480 2334 jam
2508 2265 2807 2327 veniamus.
2839 2278 2894 2320 ut
2924 2268 2967 2321 si
3004 2268 3130 2337 quid
3164 2268 3301 2322 forte
3327 2267 3394 2323 de
3422 2269 3534 2324 Deo
3581 2258 3711 2324 ιβ

1946 2367 2091 2411 recte
2120 2359 2353 2410 sentiant
2380 2356 2672 2411 videamus.
2715 2356 2890 2411 ϐταπί
2923 2358 3080 2427 igitur
3110 2356 3387 2425 sapientia!
3419 2359 3535 2412 lau-

1946 2446 2071 2500 dcm
2117 2446 2221 2500 sibi
2270 2455 2620 2515 arrogantes,
2651 2446 2925 2502 stultiores
2965 2448 3123 2501 etiam
3167 2448 3429 2503 Chaldmis
3476 2464 3536 2505 se

1947 2535 2328 2605 prmbuerunt,
2359 2537 2662 2605 complures
2706 2536 2951 2593 videlicet
2999 2538 3131 2592 deos
3181 2538 3491 2593 inducentes
3517 2579 3534 2604 ,

1947 2626 2138 2696 partim
2172 2629 2455 2688 masculos,
2497 2628 2686 2695 partim
2737 2628 2984 2693 feminas,
3020 2629 3331 2683 vit'nsarum
3360 2630 3535 2685 omnis

1944 2717 2167 2785 generis
2198 2715 2564 2783 ali'ectionum,
2588 2732 2650 2770 ac
2666 2720 2926 2774 scelerum
2952 2719 3293 2779 architectos.
3320 2721 3531 2775 Etenim

1947 2805 2195 2872 ridicula,
2220 2817 2275 2861 et
2301 2806 2481 2870 stulta,
2505 2815 2559 2861 et
2576 2807 2759 2876 impia,
2784 2824 2817 2861 ο
2840 2823 2956 2870 rex.
2987 2807 3157 2864 Crteci
3188 2809 3533 2875 induxerunt,

1946 2910 2040 2950 eos
2087 2898 2178 2966 qui
2230 2912 2335 2951 non
2383 2907 2511 2953 sunt
2542 2897 2693 2966 juxta
2746 2914 3025 2967 perversas
3055 2915 3180 2955 suas
3208 2900 3533 2971 cupiditates

1946 2986 2077 3042 deos
2120 2989 2474 3057 appellantes,
2500 2999 2558 3043 ut
2602 2990 2853 3044 nimirum
2904 3006 2995 3047 eos
3027 2993 3143 3046 vitii
3192 3003 3448 3063 patronos
3474 3007 3537 3047 ac

260 3084 598 3137 adhibeatur.
631 3084 706 3137 Ex
732 3097 838 3152 quo
860 3082 1062 3151 liquido
1091 3090 1306 3137 constat
1332 3095 1519 3151 aquam
1543 3081 1697 3137 deam
1719 3098 1840 3139 esse
1868 3076 1914 3140 C
1945 3076 2258 3132 defensores
2307 3078 2568 3133 habentes
2592 3120 2607 3145 ,
2635 3079 2897 3134 adulteria
2948 3091 3279 3151 perpetrent,
3310 3083 3538 3149 rapiant,

260 3190 367 3230 non
397 3188 578 3244 posse,
606 3173 702 3228 sed
732 3174 823 3228 Dei
856 3188 1009 3243 opus.

330 3268 451 3322 Jatn
484 3281 613 3321 vero
655 3266 745 3336 qui
793 3268 966 3336 ignem
996 3265 1156 3321 deum
1201 3279 1327 3321 esse
1368 3265 1717 3334 arbitrantur,
1747 3265 1847 3336 ipsi

260 3379 473 3434 quoque
494 3372 695 3419 errant.
728 3362 935 3417 Etenim
965 3362 1101 3432 ignis
1122 3361 1188 3416 ad
1216 3360 1491 3415 hominum
1520 3378 1675 3415 usum
1699 3375 1850 3415 crea-

262 3465 347 3511 tus
376 3466 480 3520 est,
515 3457 858 3524 ipsorumque
902 3454 1253 3508 dominationi
1280 3454 1503 3519 subest,
1538 3453 1687 3507 etab
1720 3453 1851 3520 ipsis

260 3549 326 3601 ad
357 3548 533 3602 omnis
562 3548 777 3616 generis
814 3559 1005 3600 cirnes
1031 3586 1045 3607 ,
1081 3544 1274 3615 partim
1309 3544 1614 3611 elixandas,
1656 3545 1849 3613 partim

259 3638 543 3701 assandas,
573 3646 732 3705 atque
783 3636 944 3689 etiam
992 3636 1057 3689 ad
1110 3644 1318 3690 mortua
1349 3651 1574 3705 corpora
1624 3652 1851 3691 concrc-

259 3728 478 3794 manda,
508 3743 539 3781 e
568 3726 686 3781 loco
712 3727 765 3780 in
797 3726 974 3780 locum
1006 3724 1419 3791 circumfertur;
1450 3723 1610 3795 atque
1634 3727 1853 3795 insuper

262 3817 447 3873 multis
486 3818 659 3874 modis
686 3819 1065 3886 corrumpitur,
1099 3826 1153 3873 et
1195 3818 1263 3873 ab
1312 3818 1617 3872 hominibus
1646 3818 1852 3873 exstin-

260 3910 473 3980 guitur;
508 3923 570 3963 ac
618 3907 844 3978 proinde
896 3907 1030 3977 ignis
1075 3907 1205 3963 deus
1237 3923 1358 3964 esse
1390 3924 1497 3963 non
1530 3918 1725 3979 potest,
1753 3910 1847 3965 sed

259 3999 354 4055 Dei
386 4015 544 4068 opus.

331 4091 413 4148 Ad
431 4089 678 4145 eumdem
691 4090 852 4145 etiam
870 4090 1083 4145 modum
1098 4088 1186 4159 qui
1201 4100 1475 4146 ventorum
1494 4091 1673 4145 flatum
1693 4092 1849 4147 deum

260 4198 382 4238 esse
432 4182 762 4247 existimant,
792 4191 996 4239 errant.
1033 4183 1377 4250 Perspicuum
1411 4183 1553 4237 enim
1595 4192 1678 4237 est
1718 4199 1846 4237 ven-

263 4283 373 4328 tum
405 4273 561 4328 alteri
590 4272 869 4338 inservire,
901 4272 1064 4343 306
1091 4283 1249 4341 atque
1290 4272 1563 4326 hominum
1594 4289 1752 4327 causa
1783 4274 1849 4328 ad

262 4363 694 4420 transvehendas
726 4378 890 4418 naves
921 4378 983 4417 ac
1014 4363 1279 4417 frumenta
1325 4364 1730 4433 comportanda,
1765 4381 1854 4420 re-

1953 3168 2243 3233 trucident,
2262 3178 2419 3237 atque
2441 3170 2775 3225 atrocissima
2810 3188 3033 3242 qumque
3060 3174 3263 3227 scelera
3291 3176 3540 3229 commit-

1954 3270 2088 3315 tant.
2119 3260 2249 3315 Nam
2277 3276 2399 3315 cum
2446 3262 2685 3332 ipsorum
2726 3262 2799 3317 dii
2832 3263 3135 3333 hujnsmodi
3166 3264 3359 3333 flagitia
3391 3265 3540 3320 desi-

1952 3354 2183 3423 gnarint,
2217 3369 2448 3423 quonam
2481 3365 2636 3426 pacto
2664 3356 2765 3424 ipsi
2799 3372 3015 3426 quoque
3051 3374 3155 3411 non
3186 3359 3371 3412 eadem
3419 3375 3541 3427 per-

1955 3446 2273 3513 petrabunt?
2300 3447 2374 3499 Ex
2416 3445 2503 3500 his
2545 3446 2707 3518 igitur
2734 3449 2935 3501 erroris
2960 3448 3149 3503 studiis
3174 3457 3229 3503 et
3263 3450 3539 3515 institutis,

1955 3537 2261 3591 hominibus
2286 3538 2420 3591 bella
2452 3546 2507 3592 et
2533 3539 2729 3604 caedes,
2759 3548 2920 3607 atque
2948 3540 3169 3595 acerbas
3201 3541 3540 3608 captivitates

1953 3629 2143 3683 crebro
2170 3630 2399 3697 experiri
2430 3631 2673 3698 contigit.
2726 3631 2863 3697 Quin
2895 3633 3054 3685 etiam
3081 3672 3097 3698 ,
3125 3633 3170 3685 si
3202 3631 3268 3686 de
3303 3634 3541 3702 ipsorum

1955 3722 2057 3775 diis
2089 3722 2358 3792 sigillatim
2392 3724 2552 3778 verba
2588 3726 2759 3782 facere
2788 3728 3037 3797 velimus,
3063 3728 3333 3799 ingentem
3355 3731 3542 3785 absur-

1954 3812 2174 3866 ditatem
2206 3824 2583 3883 perspecturus
2614 3831 2690 3869 es.

2024 3904 2297 3973 Siquidem
2342 3907 2630 3963 Saturnum
2662 3908 2761 3977 ipsi
2792 3918 2916 3965 ante
2964 3925 3152 3965 omnes
3181 3911 3338 3967 deum
3388 3913 3544 3967 indu-

1956 4004 2104 4058 cunt,
2133 3995 2293 4064 eique
2324 3996 2463 4050 ﬁlios
2494 4012 2617 4051 suos
2641 4008 2896 4053 mactant.
2927 3999 3025 4067 Qui
3052 4001 3263 4070 quidem
3293 4018 3356 4058 ex
3391 4003 3540 4060 Rhea

1959 4086 2157 4141 multos
2186 4088 2322 4141 filios
2353 4088 2555 4157 habuit,
2585 4106 2721 4158 quos
2749 4091 2907 4145 etiam
2952 4091 3068 4164 ipse
3100 4094 3279 4149 furore
3311 4098 3544 4165 percitus

1957 4178 2272 4234 devorabat.
2326 4182 2489 4236 Aiunt
2530 4190 2709 4238 autem
2758 4182 2944 4239 Jovem
2977 4185 3076 4254 ipsi
3107 4188 3339 4256 genitale
3374 4203 3540 4243 utem-

1956 4268 2110 4324 brum
2164 4271 2456 4327 absmdisse
2479 4313 2495 4340 ,
2528 4281 2688 4341 atque
2717 4276 2768 4328 in
2805 4290 2952 4330 mare
3000 4276 3311 4347 projecisse,
3344 4294 3406 4334 ex
3439 4295 3545 4349 quo

1961 4357 2222 4414 Venerem
2255 4370 2427 4416 ortam
2472 4378 2591 4418 esse
2620 4363 2944 4420 fabulantur.
2997 4366 3208 4435 Jupiter
3235 4379 3412 4423 autem
3445 4387 3539 4438 pa.

260 4455 547 4526 liquosque
591 4455 826 4524 ipsorum
876 4467 1005 4507 usus
1033 4469 1062 4507 a
1093 4454 1201 4507 Deo
1229 4453 1500 4508 conditum
1554 4469 1689 4509 esse.
1739 4455 1852 4510 lluc
1886 4449 1934 4510 ι)
1960 4461 2093 4503 trem
2116 4466 2270 4506 suum
2305 4452 2530 4507 vinculis
2560 4460 2931 4522 constrictum,
2965 4458 3016 4511 in
3051 4466 3305 4514 tartarum
3351 4464 3544 4529 praeci-

261 4548 493 4610 accedit,
522 4548 663 4617 quod
695 4562 792 4615 pro
824 4546 915 4601 Dei
950 4546 1103 4615 jussu
1133 4556 1294 4615 atque
1342 4546 1568 4615 imperio
1598 4555 1708 4601 tum
1756 4563 1850 4601 au-

258 4644 427 4711 gessit
478 4652 588 4693 tum
622 4636 1209 4703 imminuitur.'Quare
1257 4638 1368 4692 ﬁeri
1420 4652 1526 4694 non
1580 4648 1753 4708 potest
1796 4650 1852 4695 ut

263 4742 452 4787 ventus
480 4732 611 4785 deus
642 4731 731 4794 sit,
761 4744 947 4783 verum
982 4728 1071 4782 Dei
1101 4744 1253 4797 opus.

329 4822 498 4878 Porro
540 4822 631 4891 qui
681 4821 849 4875 solem
880 4819 1037 4874 deum
1087 4834 1209 4874 esse
1257 4829 1464 4889 putant,
1495 4819 1593 4890 ipsi
1639 4836 1851 4891 quoque

255 4911 754 4981 errant.Siquident
779 4926 899 4963 eum
925 4913 1229 4966 necessario
1247 4914 1447 4965 moveri
1475 4913 1846 4981 perspicimus,

252 5017 414 5075 atque
444 5020 473 5058 a
503 5012 700 5074 puncto
733 5004 785 5057 itt
810 5010 1061 5070 punctum
1094 5003 1325 5073 migrare
1352 5014 1402 5058 et
1426 5007 1763 5071 commutari,
1790 5014 1845 5060 et

259 5097 510 5151 oeci-lere
555 5103 610 5149 et
651 5093 879 5161 exoriri,
911 5103 967 5145 ut
994 5092 1061 5147 ad
1092 5093 1365 5148 hominum
1412 5094 1693 5151 utilitatem
1724 5097 1850 5150 stir-

254 5202 350 5256 pes
377 5196 433 5241 et
464 5186 675 5256 plantas
705 5185 883 5239 calore
911 5182 1109 5237 afficiat
1134 5228 1148 5251 ,
1178 5194 1337 5253 atque
1368 5186 1589 5255 insuper
1616 5202 1738 5243 eum
1769 5186 1849 5241 di-

250 5279 518 5332 visionem
570 5291 694 5333 cum
746 5274 966 5344 reliquis
1004 5274 1272 5330 sideribus
1318 5276 1535 5343 habere,
1570 5292 1632 5333 ac
1662 5279 1845 5333 multis

253 5370 493 5440 partibus
513 5370 652 5425 cmlo
675 5369 936 5423 minorem
965 5380 1111 5431 esse,
1128 5365 1350 5435 lucoque
1371 5368 1638 5423 interdum
1665 5368 1845 5434 deﬁci,

251 5477 352 5516 nec
379 5461 545 5515 ullum
575 5459 857 5529 imperium
879 5467 930 5512 et
956 5456 1311 5526 principatum
1342 5457 1605 5512 obtinuere.
1636 5459 1714 5514 Ex
1738 5476 1844 5530 quo

252 5553 388 5610 illud
419 5554 637 5625 planum
668 5564 752 5613 est
780 5552 897 5610 fleri
928 5569 1032 5610 non
1061 5568 1221 5625 posse
1273 5564 1329 5612 ut
1354 5554 1434 5611 sol
1462 5554 1595 5613 deus
1623 5556 1713 5625 sit,
1748 5557 1842 5612 sed

254 5645 351 5703 Dei
372 5661 528 5719 opus.

1961 4542 2123 4610 pitem
2166 4541 2332 4597 dedit.
2365 4543 2523 4599 Vides
2564 4560 2801 4601 errorem
2834 4562 2897 4600 ac
2927 4548 3198 4604 libidinem
3220 4592 3233 4614 ,
3265 4566 3421 4619 quam
3452 4552 3546 4603 ad-

1960 4648 2147 4688 versus
2176 4634 2335 4688 deum
2368 4651 2521 4690 suum
2551 4637 2828 4693 invehunt.
2870 4638 3005 4693 Nunt
3034 4642 3177 4695 enim
3229 4642 3339 4696 ﬁeri
3373 4651 3546 4711 potest

1962 4732 2021 4776 ut
2065 4723 2197 4778 deus
2241 4726 2447 4781 catenis
2494 4728 2780 4794 vinciatur,
2812 4729 3019 4799 ipsique
3055 4731 3316 4799 genitales
3368 4744 3547 4801 partes

1961 4820 2339 4881 amputentur?
2368 4818 2411 4870 0
2458 4817 2783 4887 singularem
2830 4822 3147 4876 amentiam!
3194 4822 3323 4889 Quis
3367 4833 3548 4881 mente

1962 4909 2216 4978 praeditus
2249 4909 2365 4963 haec
2391 4911 2629 4965 dixerit?

2026 4998 2309 5054 Secundus
2350 5001 2560 5070 Jupiter
2587 5002 2877 5069 inducitur,
2908 5018 3065 5074 quem
3099 5004 3151 5059 in
3182 5020 3367 5062 omnes
3410 5007 3541 5063 deos

1952 5103 2080 5143 suos
2108 5104 2329 5159 regnum
2375 5105 2560 5147 tenere
2592 5093 2761 5158 aiunt,
2786 5107 2947 5163 atque
2991 5094 3044 5149 in
3077 5097 3251 5150 varias
3295 5099 3539 5153 animan-

1955 5185 2086 5237 tium
2117 5182 2313 5252 ﬁguras
2343 5183 2637 5252 immutari,
2657 5194 2714 5239 ut
2744 5187 3058 5243 mortalibus
3089 5190 3403 5245 mulieribus
3430 5200 3548 5247 stu-

1956 5289 2107 5342 prum
2140 5275 2356 5329 inferat.
2385 5275 2594 5330 Etenim
2626 5290 2748 5331 eum
2778 5277 2830 5331 in
2856 5290 3064 5332 taurum
3089 5293 3208 5335 sese
3233 5280 3548 5338 immutasse

1953 5366 2185 5431 tradunt,
2211 5375 2267 5420 ιιι
2291 5368 2498 5435 Europa
2530 5370 2817 5439 potiretur;
2846 5371 2898 5425 in
2924 5387 3134 5438 aurum,
3164 5383 3219 5429 ut
3244 5374 3454 5436 Danae:
3490 5376 3547 5431 in

1952 5473 2205 5529 cygnum,
2238 5470 2294 5514 ut
2339 5459 2517 5527 Leda;
2550 5462 2603 5516 in
2632 5464 2900 5533 Satyrum,
2935 5474 2990 5518 ut
3027 5466 3292 5535 Antiopa;
3340 5467 3395 5522 in
3442 5465 3549 5521 fui.-

1954 5567 2100 5615 tnen,
2126 5561 2181 5606 ut
2212 5550 2447 5607 Semela.
2478 5555 2555 5608 Ac
2586 5566 2768 5624 postea
2801 5558 2998 5613 multos
3020 5574 3087 5613 ex
3120 5558 3183 5612 iis
3216 5559 3353 5613 ﬁlios
3376 5558 3540 5611 exsti-

1952 5643 2103 5711 tisse,
2140 5643 2401 5700 Bacchum
2432 5646 2663 5716 scilicet,
2698 5646 2928 5705 Zethum
2956 5693 2971 5720 ,
3002 5650 3379 5720 Amphionem,
3410 5644 3543 5698 Iler-
