4010 6242
485 293 545 347 51
1473 285 1558 340 DE
1601 285 1777 342 VlTlS
1819 282 2098 340 PATRUH
2141 281 2345 337 LIBER
2386 279 2661 336 PRIMUS.

3613 279 3715 335 553

441 407 640 474 cnlem,
675 406 975 475 Apollinem
1002 444 1017 469 ,
1051 401 1305 468 Dianam,
1337 399 1592 456 Perseum
1617 443 1633 467 ,
1665 400 1940 454 Castorem
1972 408 2027 453 et
2055 402 2104 460 Α
2133 405 2242 449 tras
2282 394 2598 458 habentem,
2652 391 2926 460 solamque
2972 404 3091 444 cum
3134 396 3356 444 eantbus
3404 404 3718 461 vagantem.

443 497 737 561 Pollucem,
770 496 1045 558 Helenam,
1078 494 1328 559 Minoem,
1358 492 1805 556 Rhadamantnm,
1833 490 2030 559 Sarpe-

447 590 672 653 donem,
715 597 771 643 et
818 602 1009 641 novem
1058 586 1184 640 item
1234 584 1391 649 filias,
1421 599 1553 653 quas
1600 583 1777 637 Musas
1825 596 2031 635 nuncu-

444 690 592 751 pani.

523 777 598 828 Ac
653 777 867 828 demum
921 771 988 825 de
1041 768 1346 839 Ganymede
1397 781 1700 821 sermonem
1750 763 2029 818 inducunt.

451 866 586 921 l’linc
618 865 814 932 itaque,
845 878 878 916 ο
911 877 1026 925 rex,
1062 860 1368 914 hominibus
1390 858 1629 926 contigit,
1665 866 1721 909 ut
1749 855 1813 909 ad
1837 856 1919 908 dei
1951 853 2031 907 sui

450 957 798 1009 imitationem
847 956 961 1007 haec
991 952 1169 1005 omnia
1201 950 1574 1011 imitarentur,
1601 956 1760 1016 atque
1802 944 2033 998 adulteri

449 1056 649 1111 QSaeltl,
677 1053 734 1099 et
760 1045 946 1098 insano
978 1041 1337 1096 masculorum
1386 1053 1569 1092 amore
1617 1044 1949 1098 tenerentur,
1977 1042 2034 1088 et

448 1138 551 1191 alia
585 1135 847 1190 horrenda
905 1132 1100 1203 ﬂagitia
1153 1137 1548 1200 perpetrarent.
1596 1129 1840 1194 Quonam
1873 1123 2034 1195 igitur

453 1231 612 1283 modo
663 1230 773 1284 fieri
806 1238 981 1298 potest
1024 1236 1084 1282 ut
1127 1226 1270 1282 Deus
1299 1224 1507 1280 adulter
1533 1223 1602 1277 sit
1623 1262 1638 1288 ,
1667 1231 1758 1276 aut
1785 1220 1991 1292 pazdico
2018 1257 2034 1284 ,

454 1335 544 1376 aut
577 1321 876 1391 parricida?

523 1411 664 1478 Quin
694 1409 985 1464 Vulcanum
1034 1407 1193 1462 etiam
1238 1406 1524 1476 quemdam
1564 1405 1721 1461 deum
1762 1419 1885 1459 esse
1923 1413 2036 1459 tra-

452 1500 606 1565 dunt,
641 1514 872 1567 eumque
901 1499 1172 1565 claudum,
1199 1498 1555 1566 malleumque
1587 1512 1650 1550 ac
1673 1496 1931 1564 forcipem
1962 1507 2039 1550 te-

454 1601 689 1656 nentem,
710 1599 764 1645 et
787 1589 1022 1644 ferrariae
1047 1591 1146 1643 arti
1174 1589 1346 1642 victus
1373 1602 1534 1642 causa
1557 1602 1777 1656 operam
1799 1587 2036 1640 dantem.

458 1681 596 1746 Ergo
623 1692 802 1732 rerum
833 1676 1050 1744 penuria
1073 1675 1367 1730 laborabat.
1393 1674 1554 1740 Atqui
1579 1688 1605 1725 a
1633 1672 1740 1728 Deo
1761 1673 2036 1736 abhorret,

455 1769 702 1824 claudum
733 1781 874 1832 esse,
907 1777 1069 1836 atque
1100 1767 1373 1820 hominum
1401 1780 1502 1833 ope
1533 1765 1787 1835 indigere.

526 1861 726 1915 Adhtec
753 1859 1073 1913 Mercurium
1102 1858 1262 1911 etiam
1288 1856 1441 1911 nobis
1463 1855 1619 1910 deum
1645 1854 1921 1918 inducunt,
1947 1853 2036 1920 qui

455 1953 681 2023 cupidus
730 1952 820 2019 sit,
848 1959 903 2006 et
953 1952 1056 2014 fur,
1087 1957 1142 2004 et
1187 1964 1414 2013 avarus,
1445 1958 1499 2001 et
1545 1962 1746 2016 magus,
1785 1958 1839 2001 et
1868 1946 2038 1999 versi-

456 2042 631 2110 pellis,
662 2055 725 2096 ac
753 2055 1061 2096 sermonum
1091 2039 1377 2109 interpres.
1406 2037 1560 2104 Quod
1586 2037 1804 2108 quidem
1836 2037 1964 2092 item
1986 2036 2038 2090 in

458 2131 552 2186 Dei
583 2139 826 2186 naturam
857 2131 1076 2184 minime
1105 2129 1268 2185 cadit.

530 2221 894 2292 Aisculapium
927 2221 1146 2290 insuper
1192 2220 1246 2275 in
1293 2219 1517 2286 deorum
1563 2233 1786 2273 numero
1819 2217 2038 2283 habent,

452 2312 543 2381 qui
589 2313 827 2367 medicus
871 2321 1024 2375 erat,
1055 2320 1108 2365 et
1154 2310 1440 2378 pharmaca
1487 2310 1645 2380 307
1698 2309 2037 2377 conficiebat,

456 2413 617 2471 atque
666 2402 989 2472 emplastra,
1017 2401 1189 2455 victus
1218 2401 1438 2470 parandi
1468 2415 1626 2454 causa
1661 2399 1807 2470 (nam
1836 2399 1887 2452 in
1911 2414 2038 2468 ege-

456 2505 593 2550 state
621 2493 955 2560 versabatur)
981 2494 1359 2562 componebat,
1395 2502 1516 2560 post
1541 2501 1718 2546 autem
1749 2506 1869 2546 eum
1914 2505 2034 2557 pro-

453 2599 571 2654 pter
617 2584 885 2656 Tyndarei
932 2583 1321 2638 Lacedaemonii
1372 2585 1538 2639 filiutn
1569 2599 1598 2636 a
1643 2583 1775 2637 .love
1821 2582 2040 2637 fu'mine

458 2693 766 2746 percussum
818 2675 1085 2730 interiisse
1134 2683 1372 2729 narrant.
1423 2675 1574 2739 Quod
1605 2675 1649 2727 si
1678 2672 2039 2742 AESt'ulapius,

456 2782 578 2820 cum
623 2766 758 2820 deus
801 2774 969 2832 esset,
999 2780 1063 2820 ac
1109 2764 1328 2820 fulmine
1371 2773 1760 2835 percuteretur,
1791 2764 1889 2818 sibi
1941 2764 2039 2831 ipsi

455 2859 706 2924 ιιμίιυιειῐὶ
737 2858 998 2930 nequivit,
1028 2859 1118 2928 qui
1159 2860 1371 2915 tandem
1417 2859 1539 2914 aliis
1575 2873 1733 2929 opem
1774 2857 1915 2915 ferre
1947 2875 2041 2929 po-

457 2951 618 3004 terit?

525 3043 667 3100 Mars
693 3042 853 3100 etiam
895 3044 962 3100 ab
991 3047 1058 3100 iis
1084 3045 1216 3099 deus
1244 3043 1368 3100 belli
1414 3043 1684 3099 studiosus
1722 3053 1775 3099 et
1820 3043 2038 3098 iracun-

2137 492 2196 538 ut
2247 497 2466 537 cervum
2517 492 2607 536 aut
2659 496 2846 550 aprum
2901 479 3219 550 intercipiat.
3264 482 3506 546 Quonam
3559 481 3724 550 igitur

2144 573 2301 627 modo
2347 573 2446 626 dea
2502 575 2603 627 erit
2660 572 2897 628 venatrix
2947 571 3170 638 mulier,
3224 581 3281 628 et
3327 587 3450 626 cum
3497 574 3722 629 canibus

2135 665 2393 718 oberrans
2414 666 2435 716 ?

2211 755 2494 809 Postremo
2542 753 2803 808 Venerem
2846 751 3007 806 etiam
3055 751 3210 806 deam
3256 766 3377 806 esse
3423 751 3722 810 adulteram

2136 843 2342 898 dicunt.
2373 843 2670 913 Aliquando
2697 842 2841 897 enim
2881 858 3003 897 cum
3037 843 3204 897 Marte
3246 844 3572 910 concubuit,
3621 846 3723 900 ali~

2136 941 2349 1009 quando
2375 954 2494 992 cum
2527 938 2784 1002 Anchise,
2812 937 3094 1006 aliquando
3122 950 3242 990 cum
3271 935 3539 999 Adonide,
3571 937 3723 1005 cujus

2148 1030 2308 1083 etiam
2341 1038 2566 1082 mortem
2613 1027 2884 1094 deplorat,
2926 1026 3191 1079 amasium
3222 1040 3378 1079 suum
3420 1027 3722 1096 requirens.

2143 1124 2279 1192 Quin
2330 1123 2490 1176 etiam
2548 1137 2666 1174 eam
2712 1122 2779 1174 ad
2823 1119 3021 1174 inferos
3065 1117 3409 1173 descendisse
3458 1121 3635 1187 aiunt,
3670 1127 3724 1174 ttt

2141 1215 2438 1270 Adonidem
2464 1227 2494 1266 a
2515 1212 2832 1282 Proserpina
2856 1210 3166 1266 redimeret.
3187 1211 3447 1266 Vidistine
3468 1227 3718 1280 unquam,

2140 1321 2174 1361 ο
2196 1321 2318 1370 rex,
2349 1303 2672 1358 dementiam
2704 1304 2804 1358 hac
2835 1301 3134 1371 majorem?
3165 1301 3323 1356 deam
3356 1301 3608 1356 nimirum
3641 1303 3720 1354 in-

2141 1397 2362 1464 ducere,
2387 1411 2505 1465 qua:
2528 1393 2774 1450 adulterii
2795 1394 3022 1449 crimine
3048 1407 3108 1448 se
3128 1393 3452 1464 obstringat,
3474 1402 3532 1448 et
3558 1393 3727 1462 ploret

2140 1502 2205 1542 ac
2237 1487 2587 1541 lamentetur.

2211 1578 2508 1633 Adonidem
2531 1587 2707 1632 autem
2731 1576 2892 1632 etiam
2915 1574 3072 1630 deum
3096 1581 3406 1631 venatorem
3439 1575 3723 1643 inducunt,

2143 1684 2372 1740 eumque
2400 1669 2467 1725 ab
2495 1685 2625 1738 apro
2658 1683 2972 1738 percussum
3003 1667 3234 1723 violenta
3261 1677 3432 1722 morte
3461 1669 3729 1723 interiisse

2066 1767 2114 1827 Β
2139 1760 2315 1824 aiunt,
2345 1773 2442 1814 nec
2497 1758 2548 1813 in
2581 1757 2883 1828 hujusmodi
2922 1759 3232 1812 calamitate
3271 1772 3424 1827 apem
3471 1759 3572 1812 sibi
3627 1759 3725 1827 ipsi

2143 1855 2336 1910 aﬂ‘erre
2367 1856 2622 1923 potuisse.
2652 1854 2894 1921 Quonam
2927 1853 3104 1922 itaque
3135 1862 3287 1921 pacto
3316 1852 3588 1906 hominum
3629 1867 3724 1905 cu-

2144 1961 2255 1999 ram
2287 1955 2433 2014 geret
2464 1945 2671 2000 adulter
2695 1953 2749 2000 et
2776 1953 3023 2009 venator,
3049 1944 3242 2014 quique
3278 1943 3507 1998 violenta
3545 1953 3723 1999 morte

2145 2038 2380 2092 interiit?

2218 2131 2341 2184 llaec
2369 2130 2547 2183 omnia
2578 2144 2640 2182 ac
2671 2129 2836 2182 multa
2863 2126 2965 2181 alia
2994 2125 3257 2196 ejusmodi
3298 2125 3476 2180 adhuc
3506 2125 3730 2180 foediora

2142 2231 2196 2276 et
2225 2223 2594 2290 sceleratiora,
2628 2236 2661 2276 ο
2691 2235 2816 2284 rex,
2849 2219 2916 2274 de
2943 2219 3048 2273 diis
3077 2218 3188 2274 suis
3215 2219 3389 2273 Graeci
3434 2219 3730 2282 inducunt,

2142 2331 2260 2382 qua:
2291 2329 2390 2368 nec
2419 2315 2621 2379 dicere,
2656 2329 2754 2368 nec
2807 2314 3065 2368 memoria
3113 2313 3223 2367 ullo
3267 2312 3428 2366 modo
3471 2326 3732 2379 usorpare

2146 2407 2224 2460 fas
2261 2417 2368 2460 est.
2412 2405 2561 2460 Unde
2592 2405 2835 2460 homines
2878 2419 2908 2458 a
2935 2404 3041 2458 diis
3080 2405 3191 2458 suis
3222 2403 3563 2458 occasionem
3594 2405 3733 2458 arri-

2146 2500 2372 2566 pientes,
2408 2512 2571 2551 omne
2611 2497 2830 2551 sceleris
2873 2505 2929 2551 et
2966 2495 3204 2550 libidinis
3245 2507 3405 2565 atque
3447 2494 3734 2565 impietatis

2143 2603 2310 2659 genus
2355 2596 2768 2656 perpetrarunt,
2801 2585 3083 2642 horrendis
3127 2586 3340 2656 ﬂagitiis
3375 2585 3492 2642 suis
3538 2595 3736 2640 terram

2141 2689 2196 2734 et
2223 2692 2400 2732 aerem
2438 2677 2887 2732 contaminantes.

2214 2768 2448 2837 Egyptii
2476 2777 2654 2822 autem
2686 2782 2779 2822 eos
2808 2766 3032 2822 stultitia
3063 2775 3118 2822 et
3145 2765 3444 2821 stoliditate
3477 2781 3740 2836 superari.

2145 2866 2246 2921 tes,
2292 2855 2506 2925 gravius
2544 2872 2703 2925 quam
2755 2857 2878 2910 ulla:
2925 2855 3044 2910 alia:
3096 2857 3339 2909 nationes
3385 2857 3738 2910 aberrarunt.

2142 2947 2325 3017 Neque
2353 2949 2497 3003 enim
2543 2949 2852 3004 Graecorum
2897 2947 3027 3002 deos
3072 2949 3313 3002 venerari
3353 2947 3488 3001 satis
3531 2947 3738 3003 habue-

2143 3049 2295 3104 runt;
2324 3055 2511 3096 verum
2540 3041 2759 3109 insuper
2785 3041 2936 3096 bruta
2966 3041 3279 3108 animantia,
3311 3050 3419 3095 tam
3447 3043 3730 3097 terrestria

456 3137 576 3202 dus,
609 3151 671 3190 ac
699 3135 961 3204 pecudum
991 3137 1324 3206 aliarumque
1362 3152 1540 3191 rerum
1572 3137 1797 3206 cupidus
1829 3136 2033 3191 induci—
2065 3129 2111 3193 C
2142 3143 2298 3198 quam
2342 3131 2394 3184 Ῐιὶ
2424 3129 2578 3200 αιιυίδ
2607 3130 2876 3198 ᾱεεθηιίθν
2910 3139 3016 3183 iam
3065 3131 3264 3198 δύτω
3310 3145 3470 3200 quam
3519 3132 3737 3200 Nam”

458 3241 562 3284 tur.
589 3231 754 3297 Quem
785 3232 912 3284 item
943 3238 1148 3299 postea,
1177 3245 1298 3283 cum
1335 3229 1595 3284 Venerem
1625 3237 2037 3298 constupraret,

457 3334 488 3372 a
514 3336 678 3390 puero
701 3320 960 3388 Cupidine
979 3337 1043 3376 ac
1069 3321 1304 3375 Vulcano
1326 3322 1553 3376 vinculis
1574 3319 1852 3375 astrictum
1879 3319 2040 3374 fuisse

457 3415 660 3466 dicunt.
690 3413 789 3477 Qui
820 3411 977 3482 igitttr
1007 3412 1140 3466 deus
1167 3411 1210 3465 is
1238 3427 1358 3467 esse
1387 3420 1582 3481 queat,
1615 3412 1707 3480 qui
1751 3411 2043 3479 cupiditate

458 3504 669 3573 ﬂagrat,
692 3517 754 3557 ac
779 3503 932 3558 bellis
954 3502 1270 3570 delectatur,
1293 3502 1719 3571 adulteriumque
1743 3512 2037 3573 perpetrat,

457 3608 521 3648 ac
549 3595 772 3648 vinculis
801 3594 1218 3663 constringitur?

532 3687 764 3742 Rursum
811 3696 987 3742 autem
1038 3687 1304 3742 Bacchum
1351 3687 1490 3742 inter
1538 3687 1670 3742 deos
1718 3696 2038 3752 numerant,

459 3789 715 3834 nocturna
745 3779 880 3834 festa
908 3778 1267 3834 celebrantem
1287 3819 1302 3844 ,
1336 3781 1666 3836 temulentis:
1699 3781 2040 3848 magistrum,

459 3873 790 3941 aliorumque
815 3886 1013 3925 uxores
1040 3871 1460 3940 abstrahentem,
1491 3873 1670 3926 furore
1701 3881 2041 3936 aestuantem,

462 3964 783 4032 fugientem,
815 3977 878 4016 ac
926 3972 1194 4031 postremo
1241 3978 1271 4015 a
1318 3961 1598 4016 Titanibus
1643 3962 2039 4016 obtruncatum.

462 4053 617 4122 Quod
641 4055 684 4106 si
710 4052 947 4106 Bacchus
967 4066 1088 4107 cum
1116 4050 1530 4117 interimeretur,
1548 4050 1649 4105 sibi
1673 4050 1775 4121 ipsi
1792 4049 2041 4118 opitulari

464 4166 571 4204 non
611 4147 811 4216 potuit,
843 4161 1027 4199 verum
1070 4153 1126 4199 et
1177 4145 1354 4200 furore
1397 4159 1634 4214 prmceps
1680 4144 1959 4213 agebatur,
1991 4151 2046 4198 et

465 4239 709 4295 ebrietati
759 4237 1040 4303 studebat,
1087 4243 1142 4291 et
1188 4233 1553 4305 profugiebat,
1605 4247 1840 4304 quonam
1891 4242 2045 4303 pacto

465 4333 598 4388 deus
625 4346 745 4385 esse
775 4328 975 4399 queat?

539 4421 674 4474 Tum
717 4428 896 4473 autem
943 4417 1222 4473 llercnlem
1256 4417 1538 4479 inducunt,
1571 4417 1660 4486 qui
1697 4431 1756 4470 se
1799 4416 1924 4471 vino
1951 4416 2048 4470 ob-

2145 3219 2197 3273 in
2229 3221 2452 3275 deorum
2483 3236 2708 3275 numero
2757 3223 3092 3286 habuerunt,
3122 3231 3281 3291 atque
3320 3225 3465 3276 omni
3511 3223 3739 3278 insania

2144 3325 2208 3364 ac
2238 3311 2472 3368 libidinis
2502 3327 2701 3383 genere
2729 3312 2942 3381 gravius
2965 3327 3124 3386 quam
3148 3313 3270 3367 ullae
3300 3322 3458 3367 terra:
3488 3315 3736 3370 nationes

2146 3417 2264 3456 sese
2302 3413 2747 3473 conspurcarunt.
2792 3403 3100 3474 Antiquitus
3143 3407 3286 3459 enim
3336 3405 3527 3460 Isidem
3584 3406 3729 3459 cole-

2147 3500 2302 3563 bant,
2345 3498 2516 3552 virum
2558 3497 2718 3551 simul
2747 3511 2809 3550 ac
2853 3496 3070 3551 fratrem
3102 3497 3365 3552 Osiridem
3412 3497 3742 3564 habentem,

2145 3591 2231 3659 qni
2263 3606 2292 3643 a
2325 3589 2487 3642 fratre
2515 3603 2614 3643 suo
2642 3586 2900 3658 Typhone
2926 3587 3275 3644 obtruncatus
3303 3599 3404 3643 eSt.
3450 3589 3636 3659 anue
3667 3590 3742 3645 de

2143 3693 2301 3735 eausa
2330 3677 2426 3733 isis
2454 3692 2574 3731 cum
2609 3677 2720 3731 ftlio
2748 3691 2846 3731 suo
2873 3676 2978 3732 Oro
3013 3678 3064 3731 in
3107 3677 3328 3749 Byblum
3361 3678 3532 3748 Syria:
3564 3679 3736 3749 fugit,

2150 3769 2413 3826 Osiridem
2463 3783 2728 3838 quarens,
2761 3780 2917 3838 atque
2959 3770 3152 3825 acerbe
3194 3770 3511 3836 lamentans,
3551 3773 3734 3842 quoad

2157 3859 2369 3914 tandem
2411 3859 2552 3913 Orus
2580 3860 2856 3924 crevisset,
2885 3875 2947 3913 ac
2973 3860 3286 3932 Typhonem
3317 3862 3384 3917 de
3414 3862 3591 3916 medio
3620 3878 3743 3918 sus-

2154 3951 2384 4006 tulisset.
2433 3947 2574 4020 Ergo
2625 3964 2723 4005 nec
2770 3950 2865 4004 lsis
2912 3950 3062 4004 fratri
3091 3967 3189 4005 suo
3231 3967 3295 4006 ac
3320 3953 3434 4006 viro
3463 3955 3744 4022 suppetias

2151 4041 2294 4095 ferre
2319 4041 2520 4110 potuit,
2543 4055 2642 4094 nec
2665 4040 2851 4106 Osiris,
2876 4055 2997 4095 cum
3017 4055 3047 4094 a
3070 4040 3328 4112 Typhone
3357 4044 3739 4110 trucidaretur,

2149 4134 2246 4186 sibi
2299 4132 2397 4202 ipsi
2446 4133 2642 4187 auxilio
2691 4148 2811 4188 esse
2857 4135 3060 4203 potuit,
3090 4150 3190 4190 nec
3236 4135 3465 4204 denique
3511 4136 3741 4206 Typhon

2151 4222 2447 4289 fratricida,
2475 4239 2594 4278 cum
2626 4224 2675 4278 ei
2707 4224 2774 4278 ab
2795 4225 2902 4279 Oro
2932 4233 2987 4280 et
3015 4225 3154 4280 Iside
3180 4227 3398 4282 exitium
3431 4227 3742 4294 aiferretur,

2148 4321 2382 4387 seipsum
2409 4333 2438 4371 a
2471 4328 2642 4371 morte
2669 4317 2954 4371 vindicare.
2986 4318 3053 4372 Et
3081 4327 3258 4373 tamen
3299 4332 3421 4375 cum
3451 4317 3506 4371 hi
3534 4318 3606 4370 ob
3638 4317 3738 4372 hue

2149 4413 2379 4481 jnsmodi
2409 4412 2737 4466 calamitates
2766 4411 2831 4465 ad
2865 4411 3141 4468 hominum
3188 4412 3429 4466 notitiam
3461 4414 3743 4482 pervenis-

467 4520 612 4574 ruat,
645 4519 802 4578 atque
833 4509 883 4562 in
918 4508 1152 4563 furorem
1198 4519 1349 4572 ruat,
1380 4522 1613 4577 suosque
1645 4507 1779 4562 filios
1803 4507 2043 4577 jugulet,
2078 4492 2125 4552 D
2151 4512 2300 4566 sent,
2325 4517 2354 4554 a
2377 4503 2552 4556 stultis
2578 4501 2842 4571 Egyptiis
2867 4501 2940 4556 dii
2970 4501 3131 4556 habiti
3163 4510 3308 4556 sunt.

466 4618 530 4657 ac
565 4600 762 4655 deinde
801 4599 1030 4653 ﬂammis
1077 4598 1390 4668 absmnplus
1433 4599 1678 4651 intereat.
1721 4599 1819 4664 Qui
1868 4607 2045 4652 autem

469 4696 607 4748 Deus
636 4707 757 4748 esse
788 4693 832 4746 is
876 4701 1063 4761 queat,
1095 4694 1182 4760 qui
1225 4708 1284 4746 se
1327 4691 1450 4745 vino
1490 4691 1698 4756 obruit,
1743 4706 1804 4745 ac
1849 4691 2048 4746 liberos

464 4801 592 4841 suos
618 4786 933 4846 obtruncat,
966 4785 1205 4854 ignisque
1232 4785 1424 4839 ardore
1452 4784 1780 4852 conﬂagrat?
1808 4785 1912 4838 Aut
1938 4799 2045 4854 quo

465 4877 681 4932 tandem
712 4876 870 4930 modo
899 4876 1019 4929 aliis
1045 4875 1242 4929 auxilio
1271 4891 1390 4931 esse
1420 4875 1636 4945 poterit,
1662 4876 1751 4943 qui
1780 4876 1880 4930 sibi
1905 4875 2048 4928 auxi-

467 4970 596 5026 lium
624 4968 814 5024 aﬂ‘t-rre
844 4985 948 5022 non
982 4969 1195 5036 putuit?

537 5059 802 5112 Praeterea
826 5057 1127 5125 Apollinem
1155 5058 1437 5122 inducunt,
1468 5058 1663 5110 invidia
1691 5057 2043 5122 laborantem,

466 5159 627 5218 atque
662 5163 842 5204 arcum
891 5161 941 5204 et
988 5154 1323 5218 pharetram,
1371 5163 1434 5202 ac
1473 5163 1855 5218 nonnunquam
1886 5147 2044 5201 etiam

466 5239 728 5292 citharam
750 5248 805 5293 et
832 5239 1010 5294 tibiam
1040 5251 1307 5296 tenentem
1329 5283 1342 5305 ,
1373 5240 1785 5309 hominibusque
1810 5249 2046 5305 quaestus

465 5345 626 5385 causa
656 5329 908 5383 vaticinia
949 5330 1216 5385 edentem.
1272 5332 1474 5402 Egebat
1517 5331 1696 5398 igitur.
1728 5328 1886 5396 Atqui
1930 5328 2043 5383 fieri

468 5435 574 5473 non
607 5427 785 5488 potest
823 5428 881 5472 ut
922 5419 1065 5474 Deus
1105 5431 1259 5490 egeat
1299 5431 1354 5476 et
1403 5421 1666 5489 invideat,
1697 5431 1752 5474 et
1793 5420 2046 5473 citharas-

468 5509 568 5562 dus
596 5511 685 5565 sit.

539 5599 746 5654 Eodem
777 5601 937 5655 etiam
971 5601 1129 5656 modo
1161 5600 1381 5656 Dianam
1426 5601 1593 5671 ipsius
1623 5616 1862 5657 sororem
1894 5601 2049 5657 indu-

465 5703 621 5759 sunt,
655 5691 920 5748 venationi
969 5689 1305 5761 studentem,
1345 5699 1504 5767 atque
1547 5706 1730 5750 arcum
1763 5701 1816 5746 et
1853 5691 2048 5752 pltare-

2224 4597 2361 4665 Quin
2409 4612 2582 4666 neque
2629 4596 2713 4650 Itis
2742 4605 2833 4651 aut
2880 4597 3100 4664 reliquis
3141 4596 3380 4665 gentium
3427 4595 3742 4652 numinibus

2153 4689 2420 4754 contenti,
2451 4691 2602 4742 bruta
2630 4687 2772 4742 enim
2798 4688 3085 4742 animantia
3117 4690 3456 4743 invexerunt.
3486 4687 3741 4743 Nonnulli

2150 4781 2346 4837 etenim
2390 4780 2622 4848 ipsorum
2663 4793 2848 4843 ovem,
2879 4778 2967 4830 alii
3017 4779 3251 4840 hircum,
3283 4779 3376 4833 alii
3428 4778 3654 4833 vitulum
3683 4790 3738 4834 et

2153 4889 2336 4934 silem,
2376 4872 2466 4925 alii
2504 4886 2720 4925 corvum
2761 4881 2814 4925 et
2860 4872 3199 4940 accipitrem,
3234 4871 3319 4925 alii
3369 4872 3638 4926 vulturem
3685 4881 3744 4926 et

2152 4962 2382 5032 aquilam
2403 5005 2418 5028 ,
2451 4962 2536 5014 alii
2566 4962 2918 5024 crocodilum;
2951 4961 3162 5028 quidam
3215 4963 3400 5024 ielem,
3431 4972 3486 5016 et
3511 4977 3734 5025 canem,

2151 5061 2206 5104 et
2238 5052 2450 5116 lupum,
2479 5060 2532 5105 et
2560 5050 2799 5114 simiam,
2835 5059 2890 5104 et
2915 5051 3235 5115 draconem,
3268 5060 3321 5104 et
3347 5050 3619 5118 aspilem;
3648 5050 3741 5105 alii

2152 5155 2331 5210 cepas,
2371 5150 2425 5194 et
2469 5139 2613 5204 allia,
2644 5149 2698 5193 et
2735 5141 2937 5208 spinas,
2984 5149 3312 5207 creterasque
3361 5155 3450 5194 res
3494 5141 3740 5194 conditas

2151 5235 2450 5288 coluerunt.
2479 5231 2589 5286 Nec
2628 5231 2872 5287 homines
2903 5231 3084 5290 miseri
3128 5232 3258 5284 nihil
3290 5232 3512 5290 omnino
3543 5232 3738 5288 virium

2155 5326 2235 5379 Itis
2278 5325 2525 5377 omnibus
2565 5323 2725 5376 rebus
2756 5323 2930 5376 inesse
2975 5323 3232 5380 sentiunt.
3264 5321 3393 5376 Nam
3439 5335 3561 5376 cum
3605 5321 3738 5377 deos

2153 5432 2279 5473 suos
2309 5418 2379 5469 ab
2404 5417 2524 5470 aliis
2553 5414 2854 5468 hominibus
2883 5425 2936 5469 et
2962 5414 3201 5480 comedi,
3233 5423 3288 5470 et
3318 5415 3440 5486 igne
3466 5414 3735 5482 cremari,

2153 5517 2205 5561 et
2231 5507 2460 5576 jugulari
2491 5517 2650 5573 atque
2676 5505 2946 5572 corrumpi
2973 5503 3217 5568 videant,
3249 5519 3357 5560 non
3405 5513 3584 5562 tamen
3615 5520 3743 5576 pro.

2159 5597 2280 5652 inde
2304 5612 2398 5652 eos
2427 5597 2555 5651 deos
2585 5612 2690 5653 non
2718 5613 2841 5652 esse
2872 5598 3271 5654 intellexerunt.

2225 5685 2484 5760 Quocirca
2525 5699 2718 5767 magno
2763 5704 2944 5772 errore
2987 5699 3097 5746 tum
3131 5687 3402 5760 Egyptii,
3435 5696 3545 5753 tum
3576 5685 3733 5746 Chal-
