4010 6246
241 375 341 433 εδδ

704 374 863 429 \‘lTA
903 372 1317 430 SANCTORUM
1362 368 1685 427 B.\l‘.L.\;\Yll
1734 372 2060 426 ΕΒΕΜΙΤΑΞ
2104 373 2189 427 ΕΤ
2230 372 2577 431 JOSAPIIAT
2619 374 2828 430 INDIIE
2871 377 3092 435 REGIS.

3387 380 3494 435 δδι

240 492 363 554 dari,
393 496 509 547 tum
550 490 722 546 Graeci
773 492 905 561 lapsi
950 501 1100 557 sunt,
1134 492 1265 546 deos
1310 490 1612 558 hujusmodi
1660 490 1814 545 indu-
1844 492 1893 551 Α
1920 500 2078 559 atque
2112 492 2345 561 ingratos
2385 507 2506 547 sese
2539 493 2855 562 praebentes,
2888 496 3119 563 gentium
3161 498 3290 551 deos
3319 512 3495 566 sape-

234 592 443 645 centes,
486 591 645 650 atque
684 584 915 652 ipsorum
956 594 1157 637 statuas
1187 585 1508 651 efﬁcientes,
1540 584 1810 651 surdaque

233 685 283 729 et
308 688 497 726 sensus
520 677 754 741 expertia
785 676 1067 729 simulacra
1089 677 1250 745 308
1281 692 1374 745 pro
1395 677 1497 731 diis
1528 678 1807 730 habentes.

235 765 306 817 Ae
336 763 573 816 demiror
602 778 707 831 quo
744 774 917 831 pacto,
948 780 1069 818 cum
1109 768 1238 819 deos
1270 782 1395 822 suos
1424 769 1491 821 ab
1519 769 1811 823 artiﬁcibus

230 857 419 919 secari,
444 864 499 909 et
529 855 729 921 dolari,
754 872 817 911 ac
846 859 1103 923 truncari,
1126 866 1285 929 atque
1313 863 1571 928 temporis
1603 862 1812 931 longin-

231 950 432 1018 quitate
478 946 873 1004 inveterascere
902 959 958 1005 et
1002 951 1305 1018 immutari,
1335 961 1495 1023 atque
1526 954 1646 1023 igne
1683 968 1813 1007 eon—

232 1041 344 1093 ﬁari
375 1049 692 1105 cernerent,
726 1041 848 1094 hinc
877 1057 971 1097 cos
1001 1042 1217 1098 minime
1258 1044 1388 1099 deos
1415 1060 1535 1099 esse
1564 1060 1668 1100 non
1696 1046 1812 1098 ani-

233 1131 630 1185 madverterint.
663 1131 792 1184 Nam
820 1133 908 1199 qui
933 1132 985 1185 in
1012 1146 1124 1187 sua:
1153 1133 1342 1188 salutis
1369 1135 1581 1202 negotio
1610 1133 1808 1188 nullam

231 1223 333 1275 vim
369 1222 599 1289 habent,
633 1237 862 1292 quonam
893 1223 1105 1278 tandem
1139 1227 1296 1280 modo
1326 1224 1603 1280 hominum
1646 1226 1807 1280 saluti

229 1311 553 1366 consulenti
598 1315 665 1366 At
709 1327 838 1367 vero
876 1323 1047 1381 poetae
1101 1315 1368 1382 ipsorum,
1404 1326 1460 1371 et
1507 1314 1811 1384 philosophi

232 1414 337 1456 tam
379 1402 751 1457 Chaldaaorum
796 1419 952 1471 quam
985 1403 1385 1476 Egyptiorutn,
1418 1422 1538 1461 cum
1568 1407 1814 1462 versibus

230 1494 342 1546 suis
381 1508 445 1546 ac
485 1494 780 1546 litteratum
822 1495 1183 1549 monumentis
1227 1498 1357 1550 deos
1387 1511 1511 1551 suos
1552 1511 1812 1551 exornate

227 1584 580 1649 studuerunt,
625 1599 809 1637 eorum
858 1584 1199 1653 ignominiam
1240 1589 1409 1656 magis
1457 1588 1809 1654 detexerunt,

232 1673 536 1740 nudamque
579 1673 815 1727 omnium
862 1676 1029 1729 oculis
1080 1685 1485 1745 proposuerunt.
1519 1677 1650 1731 Nam
1689 1692 1809 1731 cum

230 1762 465 1817 hominis
517 1778 744 1829 corpus,
797 1765 1035 1832 quamvis
1087 1764 1281 1832 alioqui
1338 1766 1522 1819 multis
1571 1766 1811 1836 partibus

227 1850 473 1915 ronstet‘,
506 1850 704 1903 nullum
743 1862 916 1904 tamen
959 1855 1317 1907 membrorum
1360 1868 1577 1907 suorum
1602 1854 1811 1923 abjicit,

228 1957 413 1995 verum
460 1942 813 1996 ﬁrmissimam
843 1956 963 1997 cum
1015 1943 1143 2011 ipsis
1188 1942 1435 1998 omnibus
1480 1945 1812 2012 conjunctio-

226 2052 353 2091 nem
415 2037 650 2101 habens,
703 2050 883 2090 secum
944 2036 1113 2104 ipsum
1170 2036 1495 2099 concordat,
1545 2036 1634 2105 qui
1690 2046 1810 2088 tan-

224 2130 360 2181 dem
393 2129 444 2180 in
478 2128 567 2180 Dei
608 2140 790 2180 natura
836 2137 978 2181 tanta
1022 2142 1192 2196 pugna
1232 2136 1288 2181 et
1333 2128 1597 2181 discordia
1640 2128 1811 2181 futura

224 2218 357 2271 est?
387 2217 516 2271 Nam
549 2220 591 2270 si
625 2233 723 2270 una
769 2215 992 2271 deorum
1042 2228 1227 2270 natura
1278 2226 1450 2280 esset,
1483 2218 1614 2269 deus
1654 2216 1812 2269 deum

228 2310 529 2375 insectari,
561 2319 650 2360 ant
689 2308 1033 2372 obtruncare,
1067 2317 1155 2359 aut
1186 2307 1327 2361 malo
1354 2308 1530 2375 aliquo
1559 2308 1815 2361 muletare

228 2401 456 2456 minime
486 2402 732 2455 debebat.
765 2401 916 2466 Quod
947 2401 991 2453 si
1031 2399 1102 2453 dii
1145 2415 1172 2451 a
1205 2398 1306 2452 diis
1338 2397 1532 2460 vexati,
1566 2407 1620 2451 et
1648 2398 1815 2450 inter-

229 2493 429 2563 empti,
483 2501 537 2544 et
574 2494 818 2560 spoliati,
863 2505 925 2543 ac
960 2490 1181 2544 fulmine
1230 2490 1466 2555 percussi
1513 2498 1670 2553 sunt,
1706 2504 1812 2542 non

225 2589 338 2655 jam
372 2600 474 2638 una
505 2598 688 2637 eorum
716 2591 905 2637 natura
934 2592 1047 2647 est,
1074 2581 1170 2635 sed
1218 2581 1480 2635 disdncta:
1509 2580 1813 2634 voluntates

226 2684 393 2742 atque
424 2687 611 2728 omnes
635 2664 873 2731 exitiosae
894 2687 957 2725 ac
986 2670 1273 2740 pestiferae.

308 2764 385 2817 Ex
414 2778 521 2832 quo
561 2760 983 2815 concludendum
1025 2771 1109 2814 est
1139 2758 1403 2813 neminem
1434 2773 1616 2814 eorum
1648 2758 1810 2813 deum

234 2870 384 2908 esse.
420 2852 762 2921 Perspicuum
791 2859 874 2904 est
902 2848 1076 2918 igitur,
1103 2864 1135 2903 ο
1164 2864 1277 2910 rex,
1304 2863 1515 2902 omnem
1537 2863 1721 2903 eorum
1746 2848 1815 2904 de

227 2946 463 2999 deorum
508 2956 696 2998 natura
727 2942 1136 3010 disputationem
1183 2941 1385 2993 erroris
1424 2939 1634 3008 plenam
1670 2953 1810 2994 esse.

227 3037 474 3101 Quonam
517 3044 693 3088 autem
749 3043 903 3102 pacto
946 3033 981 3087 ii
1012 3032 1100 3102 qui
1129 3033 1263 3098 apud
1295 3032 1509 3086 Graecos
1537 3031 1815 3100 sapientia:

226 3139 391 3198 atque
419 3126 673 3180 doetrinse
700 3122 838 3177 fama
870 3123 1192 3186 ﬂoruerunt,
1226 3122 1349 3175 illud
1381 3121 1601 3175 minime
1651 3121 1810 3175 intel-

226 3219 512 3282 lexerunt,
540 3232 635 3271 eos
665 3217 753 3285 qui
788 3215 933 3284 leges
976 3214 1211 3268 tulerunt
1240 3214 1462 3267 suismet
1500 3211 1701 3279 legibus
1725 3213 1815 3280 ju-

228 3310 439 3366 dicari?
466 3309 596 3362 Nam
630 3308 674 3361 si
715 3306 857 3375 leges
889 3306 1047 3374 justte
1085 3311 1242 3369 sunt,
1274 3301 1454 3371 injusti
1485 3301 1703 3355 omnino
1733 3302 1814 3365 ip-

229 3418 416 3458 sorum
447 3402 518 3454 dii
561 3408 717 3463 sunt,
745 3399 832 3468 qui
862 3405 1046 3451 contra
1082 3395 1253 3463 legum
1288 3393 1597 3462 prtesmipta
1628 3401 1814 3447 mutuo

228 3508 356 3551 sese
401 3474 801 3556 interfecerint,
833 3501 993 3556 atque
1037 3488 1089 3539 in
1129 3486 1405 3549 veneficia,
1437 3493 1492 3538 et
1529 3485 1811 3548 adulteria,

229 3595 288 3641 et
333 3584 498 3649 furta,
538 3593 594 3638 et
642 3588 995 3650 praaposteras
1050 3577 1294 3632 libidines
1354 3575 1674 3646 prorueriut.
1720 3575 1813 3630 Sin

229 3688 411 3731 autem
440 3686 585 3731 recte
615 3674 877 3738 fecerunt,
908 3674 1051 3742 leges
1072 3681 1217 3726 certe
1243 3671 1447 3740 iniquae.
1465 3681 1606 3737 sunt,
1632 3676 1816 3738 utpote

230 3769 492 3823 adversus
514 3766 643 3820 deos
662 3768 979 3820 constitutae.
1001 3761 1152 3818 Nunc
1177 3770 1354 3818 autem
1380 3763 1524 3829 leges
1546 3765 1815 3831 prmelarae

230 3876 292 3916 ac
316 3863 477 3930 justa:
507 3867 658 3923 sunt,
696 3866 752 3911 ut
795 3872 912 3926 qua:
941 3865 996 3910 et
1032 3862 1256 3910 virtutes
1306 3855 1556 3921 laudent,
1588 3865 1641 3908 et
1686 3857 1813 3909 vitia

240 3953 597 4021 prohibeant;
648 3949 869 4003 deorum
910 3957 1123 4009 autem,
1166 3962 1300 4015 quos
1345 3947 1441 4013 ipsi
1472 3945 1681 4011 colunt,
1718 3946 1816 3998 ini-

233 4059 335 4110 qua
359 4051 487 4096 sunt
511 4056 673 4109 opera
707 4058 719 4092 :
746 4054 908 4109 quare
937 4039 1099 4107 iniqui
1120 4039 1278 4092 etiam
1309 4038 1544 4106 ipsorqu
1566 4037 1639 4091 dii
1661 4047 1814 4105 sunt,

235 4149 531 4203 omnesque
574 4132 718 4200 impii
768 4147 829 4184 ac
882 4141 1053 4184 morte
1097 4128 1383 4193 multandi,
1416 4128 1505 4197 qui
1555 4130 1816 4195 ejusmodi

239 4230 372 4284 deos
421 4228 699 4282 inducunt.
734 4226 862 4281 Nam
893 4227 937 4278 si
976 4240 1036 4280 ea
1080 4240 1197 4294 qua:
1240 4223 1308 4277 de
1357 4223 1486 4291 ipsis
1524 4223 1817 4276 litterarum

235 4322 599 4376 monumentis
651 4322 859 4389 prodita
912 4328 1061 4382 sunt,
1107 4318 1225 4370 (icta
1272 4326 1325 4370 et
1375 4314 1610 4368 fabulosa
1661 4321 1816 4376 sunt,

235 4414 363 4467 nihil
391 4411 538 4465 aliud
567 4422 690 4464 sunt
735 4424 892 4478 quam
924 4407 1058 4461 meri
1086 4418 1395 4467 sermones;
1428 4405 1473 4457 si
1506 4412 1683 4456 autem
1718 4419 1815 4454 na-

235 4506 449 4569 turalia,
473 4519 575 4557 non
601 4504 709 4573 jam
733 4504 802 4554 uii
832 4509 958 4555 sunt
981 4501 1069 4570 qui
1098 4500 1210 4554 haec
1234 4498 1474 4552 fecerunt
1493 4511 1554 4549 ac
1578 4494 1814 4565 perpessi

1913 600 2133 639 numero
2182 584 2502 650 adorarunt,
2550 586 2940 655 prophetasque
2982 586 3046 639 ad
3089 601 3149 642 sc
3200 588 3392 642 missos
3432 604 3497 642 ac

1908 674 2081 742 jnstos
2105 676 2247 729 viros
2279 686 2450 729 morte
2473 675 2782 729 aﬁ‘ccerunt.
2806 675 2880 729 Ac
2907 676 3118 740 deinde,
3150 683 3496 745 posteaquam

1914 767 1981 819 ita
2017 766 2109 819 Dei
2142 767 2383 820 voluntas
2414 766 2561 830 tulit,
2595 778 2648 820 ut
2697 765 2863 820 Filius
2908 780 3035 820 suus
3075 767 3125 821 in
3173 776 3369 821 terram
3399 782 3497 821 ve-

1914 857 2079 925 niret,
2110 873 2230 911 eum
2273 858 2594 912 contumelia
2635 857 2914 921 affectum,
2948 858 3136 911 Pontio
3183 857 3350 913 Pilato
3381 856 3495 912 Ro-

1916 962 2187 1000 manorum
2212 948 2330 1001 duci
2364 947 2724 1015 tradiderunt,
2754 948 3031 1016 crncisque
3060 948 3322 1016 supplicio
3351 960 3485 1002 con-

1917 1036 2269 1104 demnarunt,
2294 1037 2436 1091 nulla
2465 1038 2711 1092 videlicet
2734 1035 2903 1105 ipsius
2932 1038 3310 1094 beneficiorum
3337 1047 3497 1109 atque

1919 1126 2395 1181 innumerabilium
2425 1126 2834 1188 miraculorum,
2876 1142 2996 1198 quae
3034 1129 3175 1185 inter
3215 1131 3363 1197 ipsos
3400 1132 3498 1185 de-

1922 1213 2186 1285 signarat,
2234 1217 2413 1270 habita
2462 1218 2691 1276 ratione.
2724 1231 2929 1285 suoque
2956 1219 3161 1274 scelere
3203 1220 3497 1286 perierunt.

1922 1304 2056 1359 Nam
2116 1321 2258 1359 nunc
2314 1321 2526 1376 quoque
2585 1307 2759 1361 solum
2816 1307 3031 1375 quidem
3085 1308 3501 1377 omnipotentem

1919 1397 2087 1452 Deum
2117 1399 2330 1463 colunt,
2372 1398 2469 1452 sed
2513 1413 2618 1453 non
2666 1398 2956 1452 secundum
2986 1400 3287 1465 scientiam,
3331 1401 3503 1469 siqni—

1917 1486 2038 1538 dem
2073 1484 2338 1540 Christum
2369 1485 2561 1539 Filium
2606 1486 2699 1541 Dei
2732 1494 2926 1555 negant
2962 1486 3146 1561 (Rom.
3174 1487 3253 1556 χ),
3283 1488 3498 1556 gentili-

1920 1574 2125 1642 husque
2150 1575 2353 1630 similes
2380 1583 2523 1641 sunt,
2550 1576 2759 1631 etiamsi
2782 1577 2846 1629 ad
2876 1579 3179 1645 veritatem,
3208 1593 3237 1631 a
3258 1592 3361 1644 qua
3384 1592 3500 1646 pro-

1916 1666 2001 1719 cul
2032 1680 2092 1719 se
2136 1674 2513 1732 removerunt,
2546 1669 2767 1735 propius
2812 1667 3086 1737 aliquanto
3124 1668 3385 1723 accedere
3413 1665 3494 1720 vi-

1918 1753 2161 1807 deantur.
2189 1755 2265 1808 Ac
2285 1753 2355 1809 de
2381 1754 2581 1809 Judaais
2609 1755 2885 1810 hactenus.

1854 1859 1893 1916 Β
1993 1864 2063 1917 At
2103 1863 2392 1919 ChriStiani
2421 1880 2453 1919 a
2483 1865 2709 1920 Domino
2753 1876 2933 1920 nostro
2979 1866 3103 1922 Jesu
3145 1867 3360 1923 Christo
3398 1866 3498 1925 do-

1914 1955 2101 2009 ctrinae
2127 1969 2238 2009 suae
2261 1956 2519 2025 originem
2546 1956 2768 2011 ducunt.
2800 1956 2896 2010 llic
2921 1965 3098 2012 autem
3126 1956 3221 2012 Dei
3249 1956 3496 2012 altissimi

1921 2044 2081 2097 Filius
2103 2043 2158 2097 in
2182 2044 2379 2113 Spiritu
2408 2055 2593 2099 sancto
2614 2045 2867 2100 creditur.
2890 2046 2992 2111 Qui
3015 2045 3226 2115 quidem
3251 2045 3497 2100 humana:

1917 2136 2102 2191 salulis
2143 2150 2300 2191 causa
2344 2136 2410 2191 de
2457 2137 2597 2191 cmlo
2646 2137 2961 2200 descendit,
2994 2147 3151 2207 atque
3194 2153 3262 2192 ex
3312 2146 3497 2192 sancta

1918 2228 2137 2298 Virgine
2164 2228 2373 2298 genitus
2402 2237 2517 2292 est,
2549 2244 2612 2283 ac
2654 2228 2770 2282 sine
2815 2229 3019 2283 semine
3056 2236 3111 2283 et
3156 2228 3497 2297 corruptione

1918 2335 2136 2375 carnem
2165 2321 2434 2389 suscepit,
2467 2319 2879 2388 hominibusque
2920 2319 3195 2388 apparuit,
3225 2327 3282 2372 ut
3324 2332 3421 2373 eos
3464 2332 3497 2371 a

1915 2409 2049 2463 falso
2096 2409 2380 2463 multorum
2429 2408 2654 2462 deorum
2686 2407 2832 2461 cultu
2867 2414 3159 2462 revocaret.
3191 2407 3367 2475 Atque
3394 2406 3497 2460 ad-

1916 2500 2156 2554 miranda
2203 2498 2584 2552 incarnationis
2614 2511 2725 2552 suae
2752 2497 3150 2567 dispensatione
3188 2495 3495 2565 perfunctus

1920 2601 2148 2645 mortem
2178 2601 2390 2659 sponte,
2419 2598 2580 2659 atque
2611 2588 2809 2659 ingenti
2847 2587 3079 2658 quodam
3123 2586 3369 2652 consilio,
3402 2600 3496 2655 per

1919 2695 2131 2735 crucem
2173 2676 2487 2747 degustavit.
2535 2676 2736 2732 Triduo
2780 2688 2957 2732 autem
3005 2685 3127 2746 post
3171 2674 3496 2740 resurrexit,

1917 2780 2077 2840 atque
2105 2771 2155 2823 in
2184 2770 2356 2825 οωιοε
2382 2769 2642 2823 ascendit.
2672 2767 2835 2838 Cujus
2866 2767 3161 2837 praesentia:
3184 2766 3405 2837 gloriam
3430 2781 3496 2821 ex

1912 2861 2207 2928 Scriptura,
2249 2874 2367 2927 quae
2390 2858 2531 2925 apud
2562 2872 2657 2913 eos
2689 2858 3004 2928 Evangelica
3033 2867 3274 2926 vocatur,
3304 2857 3348 2912 si
3378 2872 3496 2912 eam

1915 2951 2090 3019 legere
2115 2950 2170 3003 in
2201 2950 2435 3003 animum
2482 2948 2775 3014 induxeris,
2806 2947 3110 3016 perspicere
3139 2948 3294 3012 licet,
3322 2960 3356 3000 ο
3379 2959 3493 3000 rex.

1915 3041 2011 3096 Hic
2040 3041 2321 3096 duodecim
2354 3035 2646 3109 discipulos
2686 3040 2899 3107 habuit,
2941 3039 3031 3109 qui
3072 3047 3193 3109 post
3233 3037 3399 3107 ipsius
3443 3036 3498 3092 in

1913 3137 2109 3191 caelum
2136 3149 2415 3191 astensum
2444 3134 2498 3187 in
2527 3134 2671 3189 orbis
2698 3142 2854 3189 terrae
2879 3133 3181 3203 provincias
3203 3131 3483 3194 exierunt,

1845 3208 1892 3271 ο
1923 3227 2192 3295 ipsiusque
2247 3234 2526 3295 angustant
2582 3224 2982 3293 amplitudinem
3041 3223 3495 3293 promulgarunt:

1917 3315 2361 3387 quemadmodum
2389 3316 2551 3371 etiam
2582 3330 2719 3369 unus
2747 3331 2811 3369 ex
2846 3316 2974 3384 ipsis
2998 3314 3241 3384 regiones
3287 3322 3501 3367 nostras

1919 3407 2247 3476 peragravit,
2281 3415 2339 3459 ut
2366 3405 2607 3461 veritatis
2635 3405 2886 3476 dogmata
2913 3405 3234 3476 prazdicaret
3259 3405 3499 3477 (Supra,

1917 3517 1964 3553 ο.
1998 3499 2077 3570 l);
2124 3499 2262 3553 unde
2312 3499 2602 3552 etiamnum
2653 3497 2689 3551 ii
2738 3498 2827 3567 qui
2878 3497 3272 3566 praedicationis
3317 3511 3503 3552 eorum

1912 3589 2137 3659 justitire
2164 3587 2533 3642 administram
2560 3601 2777 3655 operam
2810 3595 3039 3656 navant,
3070 3584 3362 3642 Christiani
3404 3599 3504 3654 ap-

1918 3680 2203 3749 pellantur.
2233 3679 2408 3747 Atque
2439 3677 2489 3730 hi
2536 3686 2659 3731 sunt
2687 3677 2777 3746 qui
2808 3676 3089 3731 veritatem
3123 3689 3283 3745 supra
3315 3689 3504 3731 omnes

1919 3781 2076 3826 teme
2119 3770 2368 3823 nationes
2416 3769 2754 3822 invenerunt.
2795 3766 3069 3834 Siquidem
3115 3765 3279 3821 Deum
3320 3779 3501 3819 rerum

1918 3863 2155 3916 omnium
2186 3859 2519 3913 conditorem
2551 3867 2709 3927 atque
2736 3858 3087 3913 architectum
3116 3856 3168 3909 in
3218 3855 3351 3909 Filio
3383 3855 3504 3909 uni-

1917 3955 2098 4022 genito
2119 3960 2174 4005 et
2203 3948 2404 4017 Spiritu
2447 3957 2633 4002 sancto
2658 3957 2980 4015 agnoscunt,
3012 3961 3109 4000 nec
3158 3957 3350 4014 praeter
3376 3959 3501 3999 eum

1921 4045 2086 4097 ullum
2137 4041 2297 4095 alium
2343 4040 2506 4095 Deum
2537 4051 2879 4096 venerantur.
2925 4040 3132 4095 Habent
3170 4049 3350 4096 autem
3398 4039 3504 4094 Do-

1920 4138 2046 4191 mini
2075 4136 2201 4191 Jesu
2240 4130 2439 4188 Christi
2475 4133 2637 4203 309
2665 4134 2913 4186 mandata
2955 4131 3205 4186 cordibus
3248 4134 3364 4187 suis
3417 4132 3501 4185 in-

1922 4230 2158 4298 sculpta,
2192 4241 2361 4296 eaque
2403 4225 2740 4289 custodiunt,
2776 4231 3105 4277 mortuorum
3152 4223 3502 4278 resurrectio-

1921 4336 2042 4373 nem
2075 4334 2137 4373 ac
2169 4317 2329 4372 futuri
2361 4316 2543 4372 szeculi
2578 4314 2735 4367 \itam
2767 4322 3163 4382 exspectantes.
3194 4312 3309 4367 Non
3353 4313 3506 4368 adul-

1923 4410 2037 4462 terii
2060 4451 2074 4473 ,
2108 4423 2212 4462 non
2245 4405 2610 4461 fornicationis
2632 4404 2856 4458 crimine
2880 4418 2999 4457 sese
3027 4401 3360 4465 devinciunt,
3388 4415 3500 4455 non

1922 4502 2112 4556 falsum
2145 4501 2505 4555 testimonium
2533 4498 2736 4561 dicunt,
2760 4496 2931 4550 aliena
2959 4511 3062 4550 non
3081 4496 3503 4565 concupiscunt,

235 4607 389 4661 sunt;
416 4595 559 4665 quod
590 4596 636 4647 si
678 4593 965 4663 allegorice
1009 4606 1168 4645 sensu
1208 4605 1272 4645 ea
1317 4588 1589 4653 dicuntur,
1625 4587 1815 4639 fabulae
1847 4575 1900 4634 D
1925 4593 2060 4662 patri
2089 4602 2142 4647 et
2172 4592 2329 4646 matri
2377 4592 2632 4645 honorem
2665 4590 2937 4651 tribuunt,
2972 4589 3243 4655 proximos
3288 4594 3499 4652 amant,

235 4699 393 4757 sunt,
418 4704 482 4741 ac
512 4687 641 4741 nihil
673 4696 952 4754 praeterea.
989 4684 1418 4737 Demonstratum
1443 4690 1527 4735 est
1555 4682 1754 4747 itaque,
1782 4692 1817 4732 ο

236 4797 353 4847 rex,
382 4782 482 4834 hos
508 4794 694 4833 omnes
718 4778 914 4843 cultus,
938 4777 1025 4844 qui
1056 4775 1234 4829 multis
1257 4773 1358 4827 diis
1386 4772 1708 4836 tribuuntur,
1735 4785 1818 4825 er-

240 4874 377 4925 roris
404 4880 564 4940 atque
587 4869 733 4923 exitii
763 4883 922 4937 epera
950 4882 1069 4922 esse
1097 4867 1293 4940 (neque
1322 4866 1462 4918 enim
1493 4864 1622 4918 deos
1646 4861 1845 4933 appel-‘

246 4962 357 5016 lare
397 4960 649 5015 convenit
689 4960 777 5028 qui
820 4958 1063 5013 videntur
1117 4973 1179 5011 ac
1222 4973 1329 5010 non
1374 4956 1590 5021 vident;
1632 4970 1817 5009 verum

244 5069 363 5105 eum
408 5052 499 5118 qui
547 5065 666 5104 cum
710 5052 823 5116 ipse
868 5049 1013 5102 cerni
1060 5057 1324 5115 nequeat,
1371 5047 1549 5099 omnia
1592 5045 1820 5112 cernit),

246 5148 525 5210 Deumque
553 5142 644 5210 qui
676 5141 855 5193 omnia
894 5138 1163 5199 condidit,
1192 5138 1471 5191 colendum
1499 5149 1641 5190 esse.

316 5237 606 5289 Veniamus
638 5232 817 5303 igitur.
846 5250 878 5285 o
902 5246 1021 5294 rex,
1051 5231 1209 5285 etiam
1235 5229 1301 5282 ad
1330 5228 1564 5294 Judaeos,
1593 5237 1649 5281 ut
1672 5228 1825 5296 qued-

244 5341 362 5379 nam
394 5326 494 5391 ipsi
528 5339 739 5393 quoque
761 5324 829 5376 de
854 5321 963 5376 Deo
990 5321 1221 5376 sentiant
1246 5318 1543 5372 videamus.
1567 5318 1697 5371 Nam
1724 5317 1824 5384 ipsi

242 5417 317 5469 ab'
337 5415 610 5469 Abraham
632 5460 646 5483 ,
678 5415 846 5479 Isaac,
878 5423 931 5468 et
959 5412 1123 5467 Jacob
1152 5410 1395 5473 oriundi,
1424 5408 1709 5478 :Egyptutn
1744 5412 1824 5461 in-

242 5509 543 5563 coluerunt.
574 5506 725 5561 Illinc
753 5516 929 5561 autem
964 5505 1103 5560 Deus
1134 5521 1227 5560 eos
1256 5506 1309 5558 in
1342 5520 1499 5559 manu
1543 5505 1741 5572 potenti
1771 5513 1825 5557 et

244 5596 471 5653 Inachio
515 5600 753 5664 excelso,
795 5613 891 5666 per
926 5597 1139 5667 Moysen
1187 5598 1420 5661 ipsorum
1470 5595 1826 5663 legislatorem

242 5690 459 5753 eduxit,
491 5704 554 5742 ac
585 5704 679 5756 per
717 5689 876 5741 multa
928 5688 1163 5755 prodigia
1201 5699 1252 5741 et
1295 5701 1443 5755 Signa
1493 5700 1646 5739 suam
1696 5686 1829 5755 ipsis

248 5780 540 5848 petenti-am
591 5777 1135 5833 declaravit.-Verum
1186 5777 1287 5846 ipsi
1339 5793 1551 5847 quoque
1599 5777 1830 5847 perﬁdos

532 5892 796 5952 l’ATttoL.
835 5888 1120 5951 LXXI".

1919 4686 2119 4752 justum
2146 4684 2403 4754 judicium
2436 4682 2641 4744 ferunt;
2670 4696 2789 4750 quae
2815 4681 2915 4735 sibi
2963 4679 3092 4749 ipsis
3124 4679 3238 4733 ﬁeri
3284 4678 3503 4744 nolunt,

1923 4776 2045 4831 aliis
2075 4792 2179 4830 non
2214 4774 2445 4836 faciunt;
2475 4787 2568 4827 eos
2595 4787 2627 4825 a
2653 4772 2843 4841 quibus
2872 4771 3138 4825 laeduntur
3181 4769 3496 4834 obsecrant,

1927 4880 1989 4920 ac
2017 4866 2117 4921 sibi
2142 4880 2326 4918 eorum
2359 4863 2648 4919 amicitiam
2677 4863 2983 4917 conciliant.
3020 4860 3265 4915 Inimicos
3308 4861 3508 4914 heneli—
3539 4906 3552 4924 ι

1926 4959 2023 5011 ciis
2073 4955 2291 5010 afﬁcere
2330 4956 2574 5018 student,
2621 4954 2769 5009 lenes
2810 4960 2867 5007 et
2915 4952 3097 5007 faciles
3124 4966 3184 5007 se
3230 4950 3508 5020 prebeat,

1927 5052 1991 5101 ab
2022 5049 2167 5102 omni
2212 5049 2392 5116 iniquo
2424 5044 2713 5100 concubitu
2740 5054 2898 5112 atque
2925 5043 2992 5098 ab
3019 5043 3164 5098 omni
3197 5043 3507 5113 itnpuritate

1930 5139 2231 5206 abstinent,
2257 5139 2467 5193 viduam
2513 5153 2616 5190 non
2657 5142 3039 5199 contemnunt,
3069 5135 3272 5205 pupillo
3310 5150 3513 5190 Iller-

1931 5248 2041 5286 rem
2089 5247 2192 5285 non
2242 5230 2506 5294 inferunt,
2556 5228 2647 5298 qui
2699 5227 2857 5281 habet
2895 5241 2999 5279 non
3048 5226 3260 5281 habenti
3307 5227 3514 5294 prolixo

1930 5324 2326 5377 subministrat.
2374 5321 2717 5389 Peregrinum
2757 5319 2803 5373 si
2844 5318 3102 5385 viderint,
3152 5327 3294 5374 tecto
3321 5317 3515 5373 admit-

1933 5422 2080 5480 tnnt,
2110 5413 2331 5482 ejusque
2371 5427 2473 5465 non
2516 5428 2671 5468 secus
2708 5427 2770 5467 ac
2811 5412 2921 5465 veri
2959 5420 3014 5465 et
3051 5409 3289 5480 germani
3329 5409 3512 5464 fratris

1933 5504 2163 5558 adventu
2191 5502 2543 5557 delectantur.
2574 5502 2687 5558 Non
2712 5504 2855 5558 enim
2882 5500 3078 5566 carnis,
3108 5500 3201 5555 sed
3219 5498 3391 5554 animi
3423 5514 3507 5552 ra-

1936 5595 2082 5648 tione
2128 5591 2318 5648 fratres
2356 5608 2417 5648 se
2460 5606 2670 5648 vocant.
2707 5594 2879 5648 Vitam
2923 5609 3073 5648 suam
3122 5592 3320 5647 Christi
3348 5604 3511 5646 causa

1939 5686 2258 5755 profundere
2290 5687 2456 5756 parati
2486 5695 2648 5741 sunt:
2684 5702 2804 5741 nam
2840 5687 3007 5755 ipsius
3053 5692 3318 5755 praecepta
3357 5680 3512 5734 ﬁrme

1938 5769 2225 5833 Observant
2245 5821 2260 5847 ,
2295 5789 2478 5835 sancte
2508 5780 2753 5836 videlicet
2781 5792 2842 5834 ac
2870 5779 3030 5850 juste,
3062 5770 3507 5846 quemadmodum

3090 5888 3160 5946 18
