4010 6254
481 353 585 411 555

1514 359 1600 414 DE
1647 355 1816 413 VITIS
1858 354 2141 424 PATRUM
2182 354 2377 407 LIBER
2422 352 2690 407 PRIMUS.

3632 354 3736 412 556

483 474 738 528 Dominus
766 472 904 526 Deus
934 472 1060 540 ipsis
1092 473 1397 542 imperavit,
1429 474 1704 526 viventes:
1736 474 1931 539 gratias
1955 470 2052 538 ipsi
2080 473 2129 527 A
2160 476 2326 533 metu,
2393 468 2463 521 tui
2524 478 2699 520 autem
2759 466 2807 519 in
2855 464 3035 519 laetitia
3084 473 3135 518 et
3182 462 3341 518 auiuﬁ
3396 466 3735 535 remissione,

479 564 622 619 omni
672 563 797 617 hora
844 565 893 616 in
926 563 1069 617 omni
1114 563 1234 617 cibo
1273 578 1326 617 et
1357 574 1512 630 potu,
1541 577 1603 615 ac
1644 562 1861 630 reliquis
1903 563 2054 615 bonis

480 666 696 727 agentes
722 654 938 728 (Ephes.
964 655 1042 725 v).
1078 654 1211 709 Vere
1240 654 1380 707 enim
1414 654 1528 707 haec
1570 654 1801 707 veritatis
1831 654 1910 704 via
1939 665 2014 705 est
2040 696 2051 716 ,

479 766 596 820 qua:
619 749 832 818 quidem
863 762 956 802 eos
985 746 1073 817 qui
1104 762 1221 799 eam
1260 746 1645 812 ingrediuntur,
1678 745 1742 797 ad
1775 745 2055 811 sempiter-

481 856 605 893 num
638 855 882 908 regnum,
917 838 1055 905 quod
1090 854 1117 890 a
1144 836 1355 890 Christo
1384 837 1437 889 in
1467 836 1636 889 futura
1677 836 1781 889 vita
1822 834 2055 904 promis-

479 946 597 985 sum
620 940 730 994 est,
765 940 1011 998 tanquam
1042 936 1285 995 porrecta
1318 941 1473 979 manu
1502 926 1663 979 ducit.

556 1024 725 1091 Atque
791 1031 847 1075 ut
883 1019 1179 1087 intelligas,
1220 1033 1253 1071 0
1293 1032 1418 1075 rex,
1461 1032 1544 1070 me
1584 1016 1696 1069 hcce
1732 1031 1796 1070 ex
1835 1015 2058 1069 cerebro

482 1132 601 1173 meo
640 1116 857 1171 minime
899 1116 1133 1181 lingere,
1173 1112 1218 1164 si
1259 1112 1325 1163 ad
1362 1108 1786 1163 Christianorum
1818 1106 2057 1174 Scriptu-

479 1224 567 1262 ras
604 1210 789 1262 oculos
846 1203 1139 1272 adieceris,
1183 1218 1266 1257 me
1307 1201 1434 1255 nihil
1474 1216 1503 1253 a
1545 1201 1765 1254 veritate
1824 1200 2055 1253 alienum

475 1298 622 1367 loqui
655 1296 910 1363 reperies.
946 1294 1121 1360 Quare
1153 1293 1408 1361 praeclare
1442 1291 1577 1345 [ilius
1620 1300 1741 1344 tuus
1770 1289 2053 1352 intellexit,

475 1389 783 1457 optimoque
816 1385 938 1455 jure
966 1385 1074 1439 Deo
1105 1384 1223 1438 vivo
1250 1383 1450 1437 cultum
1482 1381 1735 1435 adbibere
1765 1379 1967 1457 didicit,
2004 1388 2057 1433 ut

476 1480 531 1533 in
564 1479 739 1533 futuro
769 1490 885 1531 aevo
915 1477 1139 1529 salutem
1171 1474 1429 1527 obtineat.
1461 1473 1643 1540 Magna
1669 1471 1865 1524 etenim
1899 1482 2055 1535 atque

475 1568 787 1623 admiranda
817 1577 941 1621 sunt
967 1581 1086 1635 quae
1115 1580 1144 1618 a
1174 1563 1490 1618 Christianis
1522 1575 1630 1616 tum
1665 1561 1913 1615 dicuntur
1947 1575 2055 1612 tum

475 1666 751 1727 geruntur.
818 1655 996 1721 Neque
1059 1654 1201 1709 enim
1267 1653 1563 1717 hominum,
1628 1652 1722 1705 sed
1763 1650 1855 1705 Dei
1896 1651 2054 1702 verba

476 1749 883 1816 proloquuntur,
916 1746 1135 1815 reliquie
1155 1758 1329 1800 autem
1361 1746 1600 1799 nationes
1630 1754 1831 1806 errant,
1866 1758 1925 1796 ac
1953 1743 2052 1795 sibi

2160 576 2366 625 aequum
2418 560 2544 613 tnilti
2588 560 2846 627 judicium
2893 558 3029 612 istud
3075 574 3193 613 esse
3244 575 3346 611 non
3379 559 3606 624 videtur,
3644 566 3735 616 sed

2159 655 2483 721 prillCIpalllS
2512 651 2745 717 licentia,
2768 660 2821 705 et
2852 659 3122 714 pactorum
3156 648 3394 703 violatio.
3422 651 3533 705 Rex
3560 651 3737 720 itaque

2158 744 2316 813 hujus
2347 743 2606 797 orationis
2636 743 2816 812 lepore
2846 742 3047 807 victus,
3081 742 3366 805 assumptis
3406 743 3740 810 sapientibus

2159 841 2212 887 et
2251 833 2619 887 sacerdotibus
2658 833 2790 896 suis,
2832 832 3123 886 Nachorem
3165 831 3276 885 ﬁlio
3312 834 3600 898 concessit,
3647 836 3743 891 hac.

2158 925 2413 977 nimirum
2456 939 2551 992 spe
2584 926 2764 988 fretus,
2798 924 2910 978 fore
2952 931 3007 976 ut
3035 939 3095 977 ea
3130 939 3247 992 quin
3276 924 3544 993 pollicitus
3573 924 3743 982 fuerat

2158 1027 2453 1085 praestaret.

2230 1107 2388 1176 Regis
2436 1109 2612 1173 itaque
2640 1107 2778 1160 filius
2808 1105 2857 1159 in
2893 1105 3141 1172 palatium
3173 1120 3325 1156 suum
3361 1105 3738 1173 proficiscitur,

2159 1216 2265 1255 nou
2296 1217 2449 1255 secus
2480 1211 2637 1268 atque
2668 1198 2975 1269 Olympicus
3006 1199 3218 1266 quidam
3249 1202 3442 1259 victor,
3471 1202 3741 1268 superatis

2158 1293 2510 1357 adversariis,
2552 1306 2732 1345 secum
2776 1290 3069 1345 Nacltorem
3111 1289 3334 1343 habens.
3387 1290 3555 1357 Quem
3595 1306 3740 1355 cum,

2158 1382 2376 1436 remotis
2416 1380 2652 1445 arbitris,
2694 1379 2992 1445 accivisset,
3024 1381 3102 1433 his
3127 1381 3190 1434 ad
3233 1397 3355 1435 eum
3400 1383 3577 1435 verbis
3616 1398 3743 1437 usus

2158 1482 2237 1525 est
2264 1489 2274 1523 :
2302 1472 2377 1525 Ne
2408 1487 2512 1537 me,
2541 1470 2628 1541 qui
2657 1471 2751 1537 sis,
2778 1470 3023 1541 ignorare
3050 1472 3337 1525 existimes.
3376 1473 3741 1526 Certissimum

2159 1563 2296 1615 enim
2330 1564 2497 1615 habeo
2549 1572 2597 1615 te
2625 1562 3012 1616 divinissimutn
3044 1562 3379 1615 Barlaamum
3428 1563 3566 1615 haud
3611 1577 3740 1631 qua-

2159 1669 2316 1718 quam
2359 1668 2497 1719 esse,
2534 1668 2717 1706 verum
2750 1652 3045 1706 Nachorcm
3096 1654 3441 1720 astrologum.
3474 1654 3552 1707 Ac
3581 1654 3741 1707 miror

2159 1744 2284 1811 quid
2312 1743 2459 1797 vobis
2486 1744 2539 1796 in
2572 1753 2803 1797 mentem
2834 1744 3059 1807 venerit,
3090 1749 3149 1800 ut
3176 1742 3475 1809 hujusmodi
3505 1742 3740 1797 fabulam

397 1878 405 1885 .
475 1837 605 1907 ipsis
643 1837 982 1904 imposturatn
1020 1836 1239 1898 faciunt,
1281 1835 1539 1902 siquidem
1582 1834 1632 1887 in
1678 1833 1908 1887 tenebris
1946 1849 2058 1884 atu-
2092 1827 2133 1885 Β
2163 1836 2453 1905 ﬁngeretis,
2501 1845 2660 1905 atque
2706 1834 2807 1889 hoc
2844 1836 2994 1890 vobis
3044 1835 3455 1903 persuaderetis,
3507 1850 3600 1887 vos
3642 1850 3739 1891 eas

478 1928 743 1991 bulautes,
767 1927 1033 1979 ebriorum
1060 1925 1225 1978 instar
1247 1926 1296 1979 in
1319 1924 1521 1992 seipsos
1548 1925 1864 1994 impingunt.
1885 1925 2056 1991 Atque

477 2018 560 2071 hic
587 2017 677 2077 sit,
720 2032 754 2068 ο
790 2030 905 2080 rex,
937 2029 1070 2069 mea:
1108 2014 1175 2067 ad
1208 2024 1259 2069 te
1288 2013 1544 2069 orationis
1572 2014 1713 2078 ﬁnis,
1747 2028 1903 2083 quam
1937 2014 2052 2079 qui-

474 2106 595 2161 dem
624 2106 820 2159 veritas
864 2106 915 2157 in
949 2111 1128 2158 mente
1162 2119 1278 2158 mea
1306 2105 1545 2158 dictavit.
1581 2105 1837 2158 Desinant
1878 2105 2053 2172 itaque

474 2196 746 2251 vtecordes
784 2196 857 2249 tui
898 2195 1167 2264 sapientes
1204 2195 1461 2249 adversus
1500 2195 1784 2249 Dominum
1843 2195 2050 2264 nugari.

472 2288 604 2343 Nam
644 2287 796 2341 vobis
836 2287 1002 2340 Deum
1043 2294 1337 2340 creatorem
1379 2286 1643 2354 venerari,
1686 2294 1851 2355 atque
1890 2286 2054 2354 ipsius

473 2378 650 2435 verbis
671 2378 737 2432 ab
756 2376 970 2431 interitu
993 2376 1182 2431 alienis
1202 2391 1383 2431 aurem
1404 2373 2050 2443 accommodareeapedit,

473 2481 525 2523 ut
559 2466 1057 2524 condemnationem
1083 2480 1147 2520 ac
1170 2466 1490 2535 supplicium
1520 2466 1857 2535 effugientes,
1888 2465 2050 2519 vitam

474 2563 718 2617 interitus
748 2570 1023 2628 expertem
1056 2559 1394 2615 haereditario
1425 2560 1762 2629 possideatis.

543 2653 671 2706 Car.
716 2648 950 2704 XXVIII.
993 2676 1062 2691 -
1122 2649 1250 2704 Haec
1313 2658 1654 2720 posteaquam
1718 2665 1746 2703 a
1812 2651 2053 2706 Nachore

472 2751 884 2797 commemorata
914 2749 1060 2807 sunt,
1098 2756 1190 2796 rex
1223 2740 1492 2796 iracundia
1531 2742 1820 2805 azstuabat;
1868 2744 2049 2797 rheto-

472 2848 560 2888 res
598 2843 777 2887 autem
816 2833 983 2902 ipsius
1018 2842 1073 2888 et
1103 2833 1410 2889 sacerdotes
1449 2834 1579 2887 muti
1612 2834 1844 2899 stabant,
1877 2844 1931 2887 ut
1961 2834 2050 2902 qui

473 2923 603 2978 nihil
640 2932 825 2978 contra
853 2964 869 2991 ,
922 2931 1115 2993 printer
1153 2923 1396 2980 inﬁrmos
1442 2927 1696 2993 quosdam
1739 2941 1800 2980 ac
1854 2927 2050 2981 nullius

470 3016 725 3071 momenti
752 3017 1142 3083 sermunculos,
1170 3017 1361 3073 alferre
1391 3028 1626 3087 possent.
1656 3022 1723 3073 At
1754 3035 1883 3074 vero
1912 3020 2049 3089 regis

472 3108 611 3162 ﬁlius
643 3107 833 3176 spiritu
859 3106 1183 3172 exsultabat,
1215 3117 1374 3177 atque
1406 3108 1556 3163 hilari
1586 3110 1731 3163 vultu
1763 3110 2044 3164 Dominum

2166 1926 2467 1981 clarissima
2505 1926 2593 1980 die
2624 1926 2791 1980 oculis
2822 1925 2954 1979 meis
2994 1926 3235 1979 tenebras
3260 1926 3557 1995 objecturos
3588 1940 3733 1992 esse,

2159 2026 2217 2070 ttt
2244 2032 2339 2085 pro
2367 2032 2466 2071 ove
2495 2017 2673 2085 lttpum
2702 2017 3020 2085 acciperem.
3054 2015 3243 2071 Verum
3274 2032 3375 2069 non
3406 2016 3499 2070 abs
3527 2031 3586 2070 re
3614 2031 3736 2083 pro-

2158 2108 2341 2162 verbio
2369 2108 2554 2171 fertur,
2583 2106 2688 2160 Cor
2729 2108 2875 2161 stulti
2916 2123 3049 2160 vana
3096 2108 3345 2175 cogitare.
3396 2110 3572 2175 Atque
3618 2106 3742 2160 haec

2157 2200 2369 2271 quidem
2434 2198 2678 2268 cogitatio
2736 2208 2788 2254 et
2828 2200 3107 2254 consilium
3168 2209 3402 2254 vestrum
3464 2198 3745 2256 rancidum

2156 2307 2284 2347 sane
2313 2305 2375 2344 ac
2406 2304 2622 2358 prorsus
2649 2288 2899 2343 stolidum
2927 2298 3062 2357 erat,
3091 2303 3225 2359 opus
3245 2296 3423 2342 autem
3448 2290 3589 2357 quod
3623 2288 3740 2357 ipse

2156 2379 2349 2448 egisti,
2400 2379 2545 2435 omni
2598 2379 2872 2447 prudentia
2923 2389 2977 2433 et
3022 2378 3309 2448 sagacitate
3358 2379 3577 2447 plenum
3625 2390 3733 2445 est,

2156 2469 2316 2540 310
2344 2484 2406 2523 ac
2433 2478 2713 2539 propterea
2744 2468 2935 2537 gaude,
2967 2468 3198 2533 Nacltor,
3233 2477 3289 2524 et.
3321 2469 3558 2522 exsulta.

2229 2559 2418 2613 Multas
2444 2559 2587 2613 enim
2632 2558 2724 2613 tibi
2752 2557 2855 2611 hoc
2885 2557 3098 2612 nomine
3127 2558 3322 2628 gratias
3368 2558 3561 2623 habeo,
3600 2558 3745 2627 quod

2156 2651 2401 2703 veritatis
2452 2649 2801 2718 patrocinium
2849 2648 3104 2702 hodierno
3153 2647 3239 2702 die
3286 2648 3591 2716 suscepisti,
3646 2661 3753 2701 nec

2153 2740 2429 2794 sceleratis
2476 2740 2655 2793 verbis
2702 2753 2765 2793 ac
2811 2748 3026 2792 versuta
3072 2737 3415 2792 simulatione
3464 2737 3604 2791 labia
3652 2746 3745 2791 tua

2157 2831 2561 2895 contaminasti;
2596 2834 2721 2900 quin
2754 2832 2927 2899 pOIiuS
2953 2845 3013 2883 ea
3059 2830 3239 2882 multis
3267 2828 3519 2882 sordibus
3546 2842 3746 2898 expur-

2150 2922 2320 2993 gasti,
2363 2922 2612 2975 falsorum
2655 2923 2904 2975 nimirum
2946 2921 3166 2975 deorum
3209 2934 3393 2974 errore
3433 2918 3744 2985 confutata,

2151 3029 2310 3086 atque
2336 3014 2760 3070 Christianorum
2800 3014 3105 3083 dogtnatum
3136 3015 3360 3067 veritate
3395 3013 3746 3065 conﬁrmata.

2154 3108 2263 3177 Ego
2288 3122 2413 3162 vero
2439 3107 2639 3175 duplici
2667 3107 2732 3160 de
2771 3120 2949 3172 causa,
2985 3116 3040 3159 ut
3069 3113 3121 3160 te
3151 3119 3356 3159 mecum
3388 3105 3744 3164 adducerem.

473 3197 800 3263 celebrabat,
825 3197 915 3266 qui
956 3197 1021 3252 iis
1041 3212 1264 3267 quorum
1296 3198 1480 3252 ﬁducia
1532 3201 1582 3253 iu
1613 3199 1731 3269 ipso
1754 3204 1919 3269 posita
1942 3210 2042 3266 est,
2076 3196 2120 3257 C
2151 3211 2365 3265 Operam
2395 3196 2548 3260 dedi;
2578 3196 2767 3263 altera,
2802 3212 2868 3249 ne
2894 3204 2945 3251 te
2973 3210 3065 3249 rex
3094 3196 3341 3264 privatim
3373 3204 3584 3261 tenens,
3614 3211 3747 3262 sop-

473 3286 529 3337 in
568 3286 726 3340 rebus
766 3285 1033 3353 perplexis
1069 3294 1124 3339 et
1161 3286 1428 3355 impeditis
1471 3289 1669 3341 exitum
1710 3290 1821 3353 dat,
1852 3290 2049 3358 quique

473 3379 633 3431 etiam
669 3391 763 3446 per
791 3376 1061 3430 inimicum
1102 3388 1155 3431 et
1196 3377 1404 3431 hostem
1444 3379 1718 3431 veritatem
1758 3380 2047 3432 conﬁrma-

471 3467 582 3532 bat,
607 3467 971 3537 efficiebatque
996 3479 1051 3521 ut
1082 3468 1245 3541 etqui
1275 3470 1473 3522 erroris
1501 3471 1876 3540 antesignanus
1908 3480 2045 3538 erat,

473 3567 633 3610 rectae
665 3557 919 3611 doctrina:
946 3568 1224 3626 patronum
1252 3572 1313 3613 se
1342 3559 1623 3628 praeberet.
1832 3570 1837 3573 '

546 3650 660 3703 Rex
705 3664 891 3718 porro,
933 3651 1175 3721 quamvis
1213 3651 1410 3720 alioqui
1430 3651 1658 3707 Nacltori
1701 3653 2049 3708 vehementer

472 3742 815 3805 irasceretur,
853 3741 998 3794 nullo
1039 3750 1216 3795 tamen
1256 3756 1376 3796 eum
1418 3742 1556 3797 malo
1595 3740 1811 3799 afﬁcere
1852 3745 2045 3813 potuit,

475 3839 753 3899 propterea
791 3832 930 3899 quod
971 3831 1086 3901 lege
1127 3846 1309 3887 coram
1350 3833 1596 3888 omnibus
1636 3844 1758 3889 ante
1817 3836 2047 3902 promul-

471 3928 614 3985 gata,
646 3918 693 3971 ei
726 3932 820 3983 pro
847 3918 1162 3973 Christianis
1191 3919 1358 3975 libere
1389 3922 1547 3976 verba
1577 3921 1750 3979 facere
1780 3925 2050 3992 permisis-

470 4022 571 4066 set.
604 4013 869 4067 Caeterum
909 4028 1021 4081 ipse
1053 4029 1291 4085 persaepe
1332 4016 1670 4072 sermonibus
1701 4018 1868 4088 ipsius
1896 4019 2049 4073 oblu—

473 4113 649 4170 ctans,
682 4119 801 4157 eum
844 4119 937 4173 per
975 4107 1121 4172 signa
1161 4107 1402 4177 quaedam
1440 4110 1781 4176 admonebat,
1812 4121 1867 4166 ut
1906 4113 2045 4165 illam

472 4195 739 4263 pugnandi
796 4194 1137 4250 acrimoniam
1197 4201 1522 4266 remitteret,
1564 4210 1721 4271 atque
1774 4203 2046 4259 rhetorum

471 4287 817 4358 disputationi
852 4305 1037 4344 manus
1064 4292 1233 4346 daret.
1267 4303 1338 4347 At
1368 4291 1455 4348 ille
1483 4296 1854 4351 vehementius
1903 4300 2047 4351 inva-

469 4379 728 4442 Iescebat,
769 4394 954 4435 omnes
991 4378 1226 4449 ipsorum
1270 4383 1659 4451 propositiones
1700 4393 1860 4455 atque
1892 4403 2045 4454 argu-

471 4482 650 4525 menta
674 4471 930 4535 refutans,
958 4473 1282 4543 errorisque,
1310 4487 1416 4543 quo
1447 4475 1783 4542 tenebantur,
1811 4477 2045 4533 fraudem

2152 3290 2309 3359 plicio
2332 3288 2590 3354 afﬁceret,
2618 3298 2897 3358 propterea
2923 3289 3063 3357 quod
3092 3303 3194 3342 non
3217 3303 3278 3342 ea
3304 3302 3363 3342 es
3387 3288 3595 3341 locutus
3616 3303 3748 3358 quac

2153 3382 2250 3450 ipsi
2288 3390 2437 3448 grata
2476 3390 2697 3444 essent;
2739 3382 2904 3433 altera
2946 3390 3000 3432 ut
3041 3378 3299 3433 hodierno
3340 3386 3430 3434 tuo
3471 3380 3746 3434 beneﬁt-io

2151 3472 2373 3540 gratiam
2404 3470 2496 3524 tibi
2526 3470 2834 3538 rependam.
2865 3470 3104 3536 Quonam
3128 3480 3304 3524 autem
3336 3470 3552 3524 tandem
3582 3482 3745 3539 pacto

2152 3564 2334 3619 istud?
2380 3554 2635 3616 Nimirum
2679 3574 2729 3617 te
2757 3562 3071 3625 admonens,
3107 3570 3163 3616 ut
3191 3576 3221 3615 a
3247 3577 3406 3632 prava
3437 3572 3490 3616 et
3521 3566 3741 3632 pericu-

2154 3658 2263 3710 losa
2295 3654 2392 3708 hic
2418 3654 2521 3718 via,
2552 3670 2709 3723 quam
2741 3653 2804 3706 ad
2838 3654 2979 3706 hunc
3006 3669 3171 3722 usque
3200 3653 3344 3709 diem
3376 3654 3613 3716 tenuisti,
3644 3656 3744 3708 de-

2155 3745 2336 3802 flectas
2361 3761 2424 3801 ac
2452 3755 2648 3802 rectam
2680 3755 2734 3801 et
2763 3746 3051 3800 salutarem
3094 3748 3342 3801 semitam
3383 3747 3701 3817 ingrediaris
3720 3764 3738 3801 :

2152 3850 2308 3904 quam
2349 3836 2562 3905 quidem
2598 3851 2700 3890 non
2732 3835 3006 3904 ignorans,
3040 3835 3133 3890 sed
3172 3846 3362 3905 sponte
3392 3839 3588 3891 malum
3618 3853 3741 3890 am-

2155 3929 2409 3995 plectens,
2440 3928 2693 3998 effugisti,
2737 3928 2791 3982 in
2835 3928 3129 3998 iniquitatis
3170 3929 3415 3983 barathra
3456 3938 3509 3984 et
3540 3933 3737 3998 praeci-

2154 4018 2281 4087 pitia
2312 4019 2537 4088 teipsum
2571 4019 2871 4087 impellens.
2919 4018 3154 4089 Intellige
3206 4019 3408 4088 itaque,
3442 4034 3475 4071 ο
3500 4018 3742 4082 Nacbor,

2153 4126 2271 4163 cum
2303 4108 2535 4179 prudens
2566 4118 2619 4162 et
2648 4124 2807 4180 sagax
2839 4112 2935 4173 sis,
2966 4125 3028 4164 ac
3055 4110 3325 4163 Christum
3354 4111 3549 4175 solum,
3579 4122 3630 4163 et
3661 4108 3741 4162 νίς

2155 4211 2259 4254 tam
2292 4202 2428 4271 apud
2462 4202 2630 4271 ipsum
2662 4204 2958 4256 abstrusam
2990 4203 3219 4257 elucrari
3267 4202 3441 4268 stude,
3471 4202 3627 4256 ﬂuxis
3655 4204 3743 4256 lt£s

2154 4304 2207 4347 et
2233 4294 2449 4347 caducis
2479 4293 2794 4361 contemptis
2824 4308 2884 4347 ac
2909 4307 3002 4360 pro
3025 4292 3191 4347 nihilo
3214 4292 3426 4346 habitis.
3454 4292 3567 4346 Non
3591 4292 3742 4347 enim
3786 4326 3790 4328 τ
3842 4289 3849 4294 ’

2154 4387 2203 4439 in
2229 4394 2485 4440 aeternum
2513 4386 2697 4449 vives;
2722 4385 2833 4447 sed,
2859 4399 2979 4438 cum
3005 4385 3240 4437 mortalis
3262 4384 3357 4449 sis,
3383 4384 3491 4452 jam
3517 4383 3745 4452 jamque

2155 4476 2276 4530 hinc
2306 4474 2545 4529 abiturus
2573 4490 2653 4539 es,
2684 4474 3127 4543 quemadmodum
3170 4484 3222 4529 et
3253 4490 3461 4538 oumes,
3490 4475 3577 4543 qui
3611 4488 3742 4528 ante

471 4577 532 4615 ac
563 4562 819 4617 fallaciam
846 4563 1121 4633 detegens.
1152 4564 1282 4619 Cum
1319 4576 1494 4620 autem
1524 4581 1654 4634 pene
1680 4568 1745 4621 ad
1774 4582 2046 4637 veSperuttt
2081 4568 2133 4626 1)
2161 4577 2210 4621 te
2240 4567 2579 4621 exstiterunt.
2623 4568 2817 4635 Atque,
2848 4581 2881 4620 ο
2911 4578 2958 4619 te
2989 4567 3275 4620 miserum!
3307 4564 3373 4631 si,
3404 4566 3491 4618 ubi
3531 4566 3740 4633 justum

469 4675 635 4727 usque
681 4658 969 4728 disputatio
1017 4660 1267 4729 producta
1316 4659 1537 4725 fuisset,
1592 4677 1683 4716 rex
1733 4665 2045 4719 concionem

467 4751 600 4805 solvi
620 4750 804 4820 jussit,
834 4760 1080 4820 tanquam
1108 4752 1310 4807 scilicet
1340 4754 1593 4820 postridie
1626 4771 1834 4809 rursum
1860 4758 1923 4809 de
1950 4758 2047 4811 hac

464 4859 523 4898 re
553 4843 742 4914 agitari
770 4844 947 4898 vellet.

535 4937 984 5006 .Iosaphatautem
1008 4950 1184 5006 regem
1206 4936 1277 4990 ita
1299 4946 1378 4990 est
1396 4937 1689 4993 allocutus:
1714 4938 2049 5009 Utprimoju-

460 5035 543 5078 ste
568 5026 749 5079 omnia
771 5026 880 5093 geri
899 5025 1123 5093 jussisti,
1146 5040 1179 5079 ο
1201 5040 1316 5091 rex,
1336 5025 1404 5079 ita
1424 5026 1645 5094 justitite‘
1663 5044 1873 5097 quoque
1890 5030 2046 5084 ﬁnem

461 5116 711 5181 impone,
739 5116 964 5170 duorum
995 5116 1224 5171 alterum
1256 5116 1455 5171 faciens
1475 5160 1487 5184 ,
1520 5133 1711 5185 nempe
1739 5128 1795 5172 ut
1827 5120 1904 5174 vel
1936 5135 2048 5173 ma-

459 5206 686 5269 gistrum
720 5221 894 5259 meum
925 5207 1021 5261 hac
1060 5219 1216 5262 nocte
1248 5223 1455 5262 mecum
1489 5226 1706 5264 manere
1750 5212 2045 5277 permittas,

462 5305 519 5345 ut
543 5295 609 5349 de
633 5296 714 5350 his
738 5297 896 5350 rebus
919 5299 987 5351 de
1008 5299 1204 5366 quibus
1230 5299 1459 5353 crastina
1487 5301 1573 5355 die
1599 5318 1721 5354 cum
1752 5301 1814 5355 iis
1835 5306 1920 5369 qui
1950 5319 2047 5357 nos

466 5387 605 5441 bello
637 5388 903 5443 lacessent
931 5390 1088 5444 verba
1121 5391 1359 5446 facienda
1390 5401 1519 5445 sunt
1543 5409 1648 5446 una
1676 5395 2042 5462 dispiciamus,

464 5493 529 5532 ac
556 5473 764 5532 tu‘item
795 5492 910 5534 tuos
940 5494 1240 5547 assumens,
1286 5483 1548 5538 arbitratu
1580 5495 1668 5539 tuo
1695 5500 1817 5539 cum
1851 5485 1957 5540 iliis
1984 5501 2045 5540 ea

461 5586 585 5641 quae
621 5571 675 5625 itt
716 5585 828 5625 rem
868 5571 1041 5626 futura
1082 5571 1401 5629 videbuntur
1442 5575 1754 5641 meditcris;
1794 5585 1886 5629 aut
1925 5588 2044 5632 tuos

462 5666 593 5727 mihi
620 5663 737 5719 ‘hac
775 5672 930 5719 noete
967 5666 1303 5734 concedens,
1346 5685 1521 5723 meum
1563 5670 1772 5739 accipe.
1809 5670 1961 5738 Quod
2002 5672 2045 5725 si

464 5757 671 5831 nimie
698 5756 836 5825 apud
868 5766 917 5812 te
948 5756 1076 5821 sint,
1106 5772 1259 5813 meus
1287 5759 1536 5815 nimirum
1584 5762 1635 5815 in
1668 5762 1960 5817 alﬁictione
1992 5772 2046 5817 et

2148 4660 2406 4729 judicium
2426 4701 2439 4725 ,
2475 4674 2538 4713 ac
2567 4662 2707 4728 justa
2740 4673 2961 4727 operum
2995 4673 3199 4712 merces
3229 4665 3330 4721 est,
3361 4673 3573 4727 gravem
3609 4672 3742 4725 pee-

2151 4753 2253 4815 cati
2286 4751 2548 4807 sarcinam
2584 4762 2756 4807 tecum
2786 4753 2962 4807 ferens
2988 4750 3173 4816 abeas,
3199 4766 3294 4804 nec
3323 4765 3440 4805 eam
3471 4755 3613 4820 prius
3641 4752 3743 4803 ab-

2150 4846 2370 4914 jeceris,
2400 4861 2521 4900 cum
2549 4844 2784 4914 ahjicere
2815 4844 3047 4912 proclive
3074 4844 3164 4897 sit.

2225 4935 2435 4988 Nacltor
2500 4934 2677 5002 itaque
2737 4934 2805 4987 ob
2859 4933 3160 5002 hujusmodi
3220 4946 3497 4986 sermones
3556 4933 3740 4985 animo

2154 5036 2525 5095 compunctus,
2571 5027 2651 5078 bis
2692 5024 2867 5078 verbis
2914 5040 3038 5077 usus
3079 5035 3205 5077 est:
3249 5024 3410 5077 Recte
3461 5021 3661 5085 dixiSti,
3706 5041 3744 5077 ο

2153 5134 2266 5182 rex,
2312 5119 2729 5182 recte,inquam.
2777 5113 2905 5168 Nam
2950 5113 3063 5181 ipse
3103 5127 3313 5182 quoque
3356 5127 3543 5165 verum
3583 5122 3638 5168 et.
3671 5115 3745 5165 ah

2150 5211 2292 5262 omni
2341 5208 2619 5262 mendacio
2676 5212 2906 5261 alienum
2951 5209 3112 5261 Deum
3140 5248 3154 5273 ,
3216 5223 3311 5277 per
3353 5224 3511 5279 quem
3557 5210 3741 5263 omnia

2153 5300 2288 5352 facta
2314 5310 2457 5365 sunt,
2491 5301 2646 5365 novi;
2677 5309 2835 5367 atque
2884 5302 3007 5353 item
3052 5302 3281 5353 futurum
3311 5300 3571 5369 judicium
3602 5301 3742 5363 scio,

2150 5407 2213 5445 ex
2239 5391 2416 5445 multis
2440 5392 2682 5445 videlicet
2703 5392 2991 5459 Scriptura:
3012 5408 3181 5446 sacra:
3208 5393 3384 5447 verbis
3409 5393 3457 5447 id
3481 5393 3703 5447 edoctus
3724 5431 3739 5455 ,

2155 5500 2341 5538 verum
2385 5486 2623 5554 improba
2665 5486 3015 5549 consuetudo,
3054 5499 3209 5553 atque
3251 5488 3455 5555 antiqui
3486 5484 3741 5552 snpplau-

2155 5578 2339 5631 latoris
2362 5578 2588 5631 versutia
2614 5576 2789 5629 cordis
2822 5579 2923 5631 mei
2954 5579 3131 5629 oculos
3161 5578 3396 5635 ereavit.
3431 5577 3739 5643 densasque

2151 5669 2332 5725 animo
2363 5685 2481 5723 meo
2510 5671 2759 5724 tenebras
2789 5669 2994 5722 oifudit.
3026 5668 3177 5723 None
3206 5679 3384 5721 autem
3417 5667 3484 5721 ad
3516 5667 3736 5722 verbum

2154 5772 2299 5817 tuum
2327 5761 2530 5828 abjecto
2556 5762 2841 5817 tenebroso
2870 5761 3151 5826 vtlamine,
3177 5760 3242 5814 ad
3273 5759 3447 5814 vultus
3473 5757 3736 5813 Dominici
