4010 6238
222 361 321 420 557

683 353 840 408 V'ITA
887 351 1298 409 SA'NCTOliU-M
1341 347 1669 404 BARLAAM
1715 337 2048 400 ERl..\llTE
2089 342 2172 424 E.T
2215 339 2563 396 JOSANIAT
2603 338 2812 394 lNDle
2855 337 3077 393 REGIS.

3369 333 3474 390 553

223 481 379 534 lucem
427 484 742 528 accurram:
793 469 1019 525 fortasse
1076 448 1217 522 enim
1269 466 1370 519 ntei
1419 463 1776 524 miserebitur,
1813 457 2147 526 Aexposcit.
2223 457 2483 510 Sacerdos
2538 457 2752 522 itaque.
2829 460 3009 520 utpote
3063 450 3243 505 divina
3297 454 3472 522 gratia

221 565 640 639 pmnitentiaeque
659 563 876 633 januam
903 563 1029 616 mihi
1057 562 1298 630 improbo
1327 575 1386 612 ac
1417 558 1601 612 rebelli
1627 570 1782 610 servo

217 656 427 726 aperiet.
473 654 786 721 Quanquam
824 653 952 706 mihi
996 652 1106 706 fieri
1151 667 1254 705 non
1303 665 1460 719 posse
1490 649 1701 702 videtur
1731 655 1787 700 ut

217 756 544 818 peccatorum
597 759 857 807 meorum,
905 760 1022 813 quzc
1070 759 1232 797 arena
1271 741 1517 812 graviora
1560 749 1702 803 sunt,
1733 747 1801 792 et.

216 853 390 893 eorum
421 851 541 906 qua:
573 847 681 888 tum
713 837 884 890 sciens
915 845 1022 888 tum
1056 837 1307 903 ignorans
1342 834 1662 902 perpetravi,
1699 848 1788 883 ve-

217 931 344 983 niam
373 928 663 982 obtineam.

281 1022 386 1075 llac
426 1023 667 1076 oratione
706 1021 906 1087 audita,
953 1019 1090 1089 regis
1130 1021 1269 1074 titius
1307 1019 1485 1073 statim
1529 1016 1784 1086 exsurgit,

171 1152 176 1156 ~
215 1126 364 1181 atque
400 1113 578 1166 animo
610 1113 903 1176 incalescit,
938 1113 1283 1180 animumque
1314 1111 1573 1165 Naclioris
1603 1110 1667 1162 ad
1697 1109 1790 1161 de-

214 1204 566 1272 speratiOnem
602 1204 1020 1273 propendentem
1054 1217 1372 1269 recuperare
1400 1214 1558 1271 atque
1584 1203 1790 1268 er'gcre

215 1294 410 1363 incipit.
445 1293 595 1347 Nulla
631 1294 798 1358 enim,
847 1307 879 1346 ο
909 1293 1138 1356 Nachor,
1169 1291 1358 1361 inquit,
1392 1292 1532 1345 nulla
1579 1292 1644 1346 de
1694 1292 1792 1346 hac

214 1399 267 1435 re
308 1383 570 1436 dubitatio
632 1385 868 1437 animum
931 1393 1074 1437 tuutn
1128 1385 1335 1437 subeat.
1401 1383 1668 1452 Scriptum
1713 1395 1795 1438 cst

211 1475 346 1527 enim
382 1475 560 1543 (Joan.
589 1477 705 1545 vit)
741 1491 897 1544 posse
927 1476 1091 1530 Deum
1123 1478 1283 1531 etiam
1315 1493 1379 1532 cx
1412 1477 1494 1530 bis
1535 1477 1794 1546 lapidibus

211 1565 444 1620 excitare
476 1566 610 1618 filios
633 1566 881 1620 Ahrahar.
915 1565 1065 1632 Quod
1089 1567 1324 1636 quidem,
1361 1578 1415 1622 ut
1442 1569 1620 1622 aiebat
1646 1579 1794 1636 pater

212 1654 476 1720 flat-lnam,
509 1656 635 1725 quid
668 1657 809 1710 aliud
843 1668 942 1720 est,
978 1674 1135 1728 quam
1163 1658 1304 1728 quod
1339 1660 1581 1713 homines
1611 1661 1794 1727 deplo-

212 1752 338 1797 rata:
371 1746 726 1810 improbitatis
757 1758 914 1816 atque
941 1749 1085 1801 omni
1120 1750 1409 1818 iniquitatis
1438 1765 1637 1820 genere
1666 1767 1797 1804 con-

1894 549 2116 614 plenus,
2157 546 2424 614 ingentem
2477 544 2655 596 animo
2698 544 3020 610 voluptatem
3058 541 3218 611 cepit,
3245 556 3476 610 eumque

1892 635 2209 699 confestim,
2255 643 2310 688 ut
2363 649 2481 687 mos
2523 632 2764 698 ferebat,
2810 647 2900 698 per
2943 631 3057 685 dies
3103 628 3247 684 baud
3275 644 3475 700 paucos

1895 725 2211 779 Christianm
2286 723 2388 778 fide
2474 723 2789 778 rudimentis
2869 722 3168 776 institutum
3201 761 3217 787 ,
3293 721 3474 776 divino

1895 817 2050 886 311
2082 817 2399 882 baptismate
2453 814 2661 882 perlicit
2722 814 2771 866 in
2828 813 3042 867 nomine
3069 813 3242 866 Patris
3297 819 3352 866 et
3382 814 3470 866 Fi-

1896 909 1948 961 lii
1981 920 2034 962 et
2062 909 2298 977 Spiritus
2329 908 2499 962 sancti
2527 905 2720 978 (Marc.
2750 907 2893 974 ηιμ).
2928 906 3119 960 Mansit
3146 913 3327 960 autem
3355 919 3474 959 cum

1899 998 1990 1051 illo
2020 999 2253 1064 Naehor,
2290 1010 2541 1066 perpetua
2569 997 2640 1051 ob
2669 1012 2729 1050 ea
2760 1007 2972 1064 peccata
3003 1011 3122 1066 quae
3146 1003 3482 1066 perpetrarat

1900 1089 2232 1157 paenitudine
2259 1089 2474 1154 ductus,
2513 1090 2782 1156 Deumque
2811 1087 3151 1151 benedicens,
3179 1087 3269 1156 qui
3309 1087 3483 1140 nemi-

1897 1197 2019 1236 nem
2072 1182 2247 1252 perire
2277 1183 2410 1247 vult,
2442 1197 2629 1235 verum
2661 1183 2895 1234 omnium
2928 1179 3352 1249 resipiscentiam
3384 1193 3481 1232 ex-

1897 1286 2122 1345 spectat,
2154 1285 2314 1345 atque
2345 1288 2438 1328 eos
2463 1275 2548 1343 qui
2581 1273 2942 1342 ptenitentiam
2969 1281 3131 1342 agunt
3157 1271 3388 1326 humane
3416 1282 3480 1323 ac

1901 1368 2132 1437 benigne
2161 1367 2356 1434 exeipit
2386 1364 2469 1436 (Il
2500 1365 2615 1418 Pet.
2648 1381 2741 1429 tn;
2794 1363 2979 1416 Ezeclt.
3011 1361 3185 1430 xviii).

1971 1460 2084 1514 Rex
2112 1469 2312 1526 autem,
2346 1475 2466 1513 cum
2495 1458 2561 1513 de
2599 1457 2855 1512 Naehoris
2890 1457 3050 1510 rebus
3092 1469 3250 1508 mane
3273 1453 3474 1508 certior

1899 1551 2072 1607 factus
2119 1551 2329 1618 fttiSsel,
2360 1566 2422 1606 ac
2461 1565 2557 1618 Spe
2587 1565 2681 1604 sua
2739 1548 3067 1611 excidisset,
3119 1555 3174 1600 et
3224 1554 3486 1616 praeterea

1902 1645 2171 1714 sapientes
2219 1658 2346 1698 suos
2390 1658 2452 1696 ac
2500 1641 2726 1696 stolidos
2771 1650 3016 1694 oratores
3068 1637 3216 1692 nullo
3272 1636 3488 1706 negotio

1907 1749 2189 1805 superatos
2221 1738 2384 1792 fuisse
2411 1735 2800 1804 conspexisset,
2825 1734 2877 1786 in
2900 1746 3092 1800 magna
3124 1729 3288 1784 animi
3311 1727 3488 1784 anxie-

211 1835 449 1890 taminati
497 1838 720 1892 salutem
767 1841 1018 1909 consequi
1071 1841 1306 1908 possint,
1355 1840 1658 1910 Christique
1710 1841 1797 1894 filii
1835 1849 1879 1909 Β
1907 1838 2014 1880 me
2051 1829 2395 1887 versabalur?
2423 1839 2646 1894 θυείιιιθ,
2677 1839 2797 1877 cum
2825 1837 3016 1891 graves
3038 1821 3188 1889 Prius
3210 1829 3488 1875 εοηωιηθ·

209 1925 381 1991 effici,
411 1928 499 1996 qui
533 1943 628 1996 pro
658 1942 751 1981 sua
785 1944 989 1983 summa
1031 1941 1080 1983 et
1125 1930 1420 1985 incredibili
1466 1931 1798 1983 immanitate

208 2018 458 2071 omnibus
490 2033 610 2073 sese
647 2019 710 2071 ad
741 2020 1014 2073 meliorem
1053 2020 1255 2088 frugem
1289 2019 1664 2087 recipientibus
1695 2036 1803 2075 coe-

209 2103 376 2160 lestes
406 2117 587 2174 portas
613 2107 892 2176 patefecit?
920 2109 1100 2178 Neque
1131 2112 1270 2161 enim
1302 2109 1551 2179 cuiquam
1581 2111 1804 2164 omnino

210 2195 406 2249 salutis
453 2197 654 2250 aditum
698 2199 987 2266 praelusit,
1025 2215 1208 2251 verum
1251 2214 1344 2252 eos
1374 2215 1505 2267 quos
1536 2199 1801 2254 scelerum

210 2287 442 2351 pmnitet
474 2289 803 2342 misericordi
837 2289 1015 2342 animo
1039 2291 1293 2357 suscipit;
1328 2291 1398 2343 ob
1427 2305 1651 2358 eantque
1679 2305 1805 2345 cau-

211 2391 325 2430 sam
365 2378 430 2430 iis
459 2380 552 2447 qtti
583 2380 714 2433 hora
747 2383 945 2449 prima,
981 2392 1032 2435 et
1065 2383 1238 2446 tertia,
1270 2394 1323 2436 et
1354 2392 1525 2448 sexta,
1560 2391 1613 2436 et
1643 2398 1801 2449 nona,

216 2479 267 2521 et
299 2471 584 2523 undecima
618 2473 684 2525 ad
732 2473 943 2526 vineam
993 2486 1366 2541 accesserunt,
1422 2491 1570 2544 inqua
1605 2490 1808 2530 merces

211 2559 548 2625 attribuitur,
586 2561 1032 2630 quemadmodum
1070 2564 1405 2632 Evangelicis
1435 2565 1647 2633 scriptis
1681 2581 1806 2634 prn-

215 2651 383 2702 ditutn
427 2650 748 2718 est(Matt/t.
778 2652 889 2720 xx).
933 2655 1007 2706 Ac
1052 2656 1272 2721 proinde
1311 2657 1520 2709 etiamsi
1561 2658 1624 2710 ad
1668 2659 1807 2711 hunc

215 2756 387 2810 usque
426 2741 566 2796 diem
612 2743 661 2796 in
708 2744 938 2810 peccatis
981 2749 1348 2812 consenueris,
1395 2760 1567 2803 tamen
1615 2749 1660 2804 si
1706 2751 1808 2804 fer-

213 2836 362 2884 venti
406 2833 586 2887 anitno
627 2837 875 2895 accedas,
922 2836 1108 2889 eadem
1153 2854 1270 2905 (lilii!
1313 2839 1344 2892 ii
1385 2840 1473 2908 qui
1516 2841 1582 2894 ab
1628 2841 1807 2895 adole-

211 2925 423 2977 scentia
492 2934 765 2979 certamen
831 2927 1112 2981 subierunt
1166 2932 1382 2997 praemia
1436 2934 1804 3001 consequeris.

216 3018 350 3072 Haec
379 3029 435 3074 et
458 3022 621 3074 multa
663 3021 767 3074 alia
805 3037 926 3075 cum
958 3022 1325 3076 divinissitntts
1360 3024 1579 3093 juvenis
1621 3025 1685 3078 ad
1710 3027 1811 3077 Na-

215 3111 443 3164 cltorem
487 3113 538 3164 in
572 3113 726 3164 malis
771 3113 1123 3166 inveteratum
1163 3112 1228 3166 de
1259 3115 1569 3181 paenitentia
1602 3114 1811 3168 locutus

1912 1919 2013 1972 lias
2039 1933 2101 1971 ac
2131 1918 2401 1971 dedecora
2433 1917 2560 1985 ipsis
2591 1916 2885 1978 intulisset,
2914 1930 2977 1968 ac
3005 1914 3292 1968 nonnullos
3326 1913 3489 1968 etiam

1913 2009 2127 2063 bubulis
2168 2007 2351 2062 nervis
2400 2017 2635 2060 atrocem
2671 2007 2721 2058 in
2753 2007 2967 2058 modum
3001 2004 3314 2069 lacerasset,
3347 2003 3491 2071 ipso-

1911 2112 2135 2167 rumque
2156 2098 2339 2151 oculos
2362 2096 2580 2165 fuligine
2603 2096 2878 2161 illevisset,
2908 2110 2935 2146 a
2975 2109 3033 2148 se
3061 2093 3346 2162 ablegavit.
3377 2094 3492 2164 ipse

1910 2194 2088 2242 autem
2126 2186 2380 2239 falsorum
2411 2187 2634 2240 deorum
2673 2185 3094 2239 imbecillitatem
3125 2187 3380 2239 damnare
3409 2186 3494 2239 in-

1911 2280 2320 2350 cmpit,etiamsi
2347 2279 2542 2348 alioqui
2573 2278 2806 2332 nondum
2833 2279 2898 2331 ad
2924 2277 3119 2331 Christi
3146 2277 3319 2332 lucem
3340 2276 3496 2346 plene

1920 2386 1984 2427 ac
2014 2370 2253 2441 perfecte
2283 2371 2469 2423 oculos
2511 2367 2781 2437 conjicere
2825 2367 2876 2421 in
2919 2368 3155 2421 animum
3189 2366 3492 2422 induceret.

1914 2462 2128 2516 Etenim
2179 2463 2344 2515 densa
2390 2460 2630 2529 caliginis
2666 2460 2836 2514 nubes
2888 2459 2987 2528 ipsi
3037 2459 3272 2529 undique
3328 2459 3496 2516 affusa

1913 2554 2090 2607 cordis
2144 2551 2308 2622 ipsius
2357 2552 2542 2605 oculos
2597 2553 2772 2606 adhuc
2807 2553 3042 2606 tenebat.
3085 2551 3353 2608 Caeterum
3394 2569 3496 2610 non

1909 2645 2018 2714 jam
2073 2646 2381 2699 sacerdotes
2413 2660 2539 2698 suos
2572 2645 2624 2698 in
2659 2644 2914 2699 honorem
2951 2645 3202 2711 habebat,
3235 2659 3333 2700 nec
3363 2645 3497 2702 festa

1914 2748 1965 2792 et
1998 2739 2251 2794 libamina
2283 2740 2586 2792 sinmlaeris
2615 2740 2724 2792 suis
2755 2740 3067 2808 peragebat,
3101 2755 3284 2795 verum
3317 2740 3496 2794 animo

1913 2829 1969 2882 in
2016 2837 2298 2898 utramque
2345 2842 2550 2898 partem
2591 2831 2911 2893 vacillabat:
2940 2832 3061 2886 hinc
3086 2831 3340 2885 nimirum
3365 2831 3497 2886 deo.

1918 2935 2034 2973 rum
2067 2935 2289 2974 suorum
2324 2922 2745 2976 imbecillitatem
2773 2923 3104 2992 improbans,
3137 2921 3284 2977 illinc
3313 2930 3495 2976 autem

1916 3009 2254 3079 Evangelicm
2279 3011 2397 3064 vita:
2423 3012 2787 3066 sinceritatem
2817 3012 3199 3076 reformidans,
3232 3027 3498 3081 pravaque

1919 3103 2313 3156 consuetudine
2338 3103 2406 3155 ita
2448 3105 2792 3170 censtrictus,
2823 3114 2880 3158 ut
2903 3103 2970 3157 ab
2990 3118 3056 3158 ea
3085 3104 3171 3157 vix
3197 3103 3356 3157 avelli
3381 3117 3500 3172 pos-

219 3203 447 3270 fuisset,
491 3203 694 3273 ipsique
736 3205 946 3258 veniam
991 3207 1402 3272 spopondisset,
1433 3205 1812 3276 Christumque
1842 3214 1888 3275 α
1920 3204 2022 3247 εει·
2057 3193 2334 3275 Siquidem
2363 3209 2745 3262 corporeamm
2769 3195 3095 3263 VO‘ul‘laml“
3122 3194 3367 3250 seriwli
3390 3209 3500 3248 “'3‘

218 3293 432 3348 facilem
467 3311 529 3349 ac
559 3296 839 3365 propitium
881 3294 980 3365 ipsi
1024 3296 1137 3350 fore
1168 3297 1523 3365 promisisset,
1572 3298 1811 3367 illudque

222 3403 322 3458 pro
354 3400 505 3443 certo
548 3375 884 3452 afﬁrmasset,
928 3405 1049 3443 eum
1082 3405 1177 3458 pro
1204 3405 1294 3444 sua
1330 3388 1566 3445 bonitate
1602 3405 1815 3459 semper

221 3481 526 3546 peccatoris
590 3479 955 3548 paenitentiam
1024 3480 1295 3546 suscipere
1358 3490 1602 3550 paratum
1673 3496 1812 3546 esse,

228 3588 428 3642 mgrain
471 3574 636 3642 ipsius
676 3575 929 3639 animum,
961 3585 1211 3645 tauquam
1254 3576 1660 3632 medicamentis
1700 3579 1818 3648 qui-

227 3664 456 3719 busdam
488 3665 786 3731 emollieus,
814 3666 985 3736 ipsum
1015 3681 1235 3733 prorSus
1275 3669 1324 3721 in
1357 3669 1642 3726 sanitatem
1671 3685 1819 3726 asse-

229 3754 354 3808 ruit.

299 3845 493 3900 Statim
521 3848 663 3902 enim
706 3847 773 3901 ad
802 3864 922 3903 eum
952 3847 1164 3903 Nachor
1189 3849 1318 3902 dixit
1350 3869 1361 3903 :
1395 3851 1472 3904 Tu
1511 3853 1748 3920 quidem,
1786 3868 1820 3905 o

232 3935 412 3990 animo
449 3938 611 3990 etiam
648 3953 805 4007 quam
834 3953 1061 4007 corpore
1091 3941 1340 4006 nobilior,
1372 3943 1458 4008 qui
1492 3944 1820 3998 admirabili-

235 4027 330 4081 bus
359 4028 444 4081 his
471 4027 738 4098 mysteriis
768 4030 1026 4098 praeclare
1049 4031 1282 4085 imbutus
1313 4048 1392 4100 es,
1423 4034 1488 4086 ad
1515 4043 1819 4089 extremum

237 4133 402 4187 usque
445 4119 495 4171 in
534 4119 788 4186 pratclara
831 4120 1169 4174 confessione
1210 4123 1367 4176 velim
1411 4137 1628 4178 maneas
1655 4165 1670 4188 ,
1723 4140 1821 4179 nec

235 4223 347 4260 eam
382 4218 476 4262 aut
507 4209 670 4262 ullum
718 4220 943 4276 tempus,
978 4219 1068 4262 aut
1099 4211 1238 4264 ullus
1266 4213 1456 4266 modus
1510 4228 1541 4267 e
1591 4224 1680 4268 tuo
1725 4229 1821 4282 pe-

236 4306 381 4351 ctore
424 4299 634 4352 evellat.
679 4299 788 4368 Ego
828 4308 1003 4352 autem
1039 4304 1137 4353 hac
1185 4301 1293 4368 ipsa
1326 4301 1454 4354 hora
1493 4302 1822 4370 proficiscar,

237 4399 291 4442 ut
323 4390 549 4442 salutent
581 4405 753 4444 meam
781 4404 1038 4456 quaeram,
1071 4390 1307 4458 mihique
1343 4391 1537 4455 Deum,
1571 4406 1728 4460 quem
1759 4392 1824 4445 ad

239 4479 368 4531 iram
400 4479 708 4548 provocavi,
740 4493 834 4546 per
865 4479 1228 4546 ptenitentiam
1264 4479 1551 4548 propitium
1598 4495 1660 4535 ac
1693 4481 1824 4534 faci-

1917 3283 2086 3352 jorcm
2120 3283 2170 3336 in
2217 3284 2430 3338 modum
2462 3284 2710 3338 addictus
2742 3294 2879 3351 erat,
2913 3284 3226 3353 vitiosisque
3253 3283 3498 3338 affectio-

1923 3375 2080 3429 nibus
2108 3390 2329 3443 prorsus
2353 3391 2571 3443 operam
2616 3376 2800 3442 dabat,
2834 3375 3031 3444 captivi
3074 3375 3242 3431 instar
3279 3375 3494 3440 ductus,

1922 3473 2082 3534 atque
2113 3466 2315 3535 absque
2342 3467 2463 3518 vino
2484 3511 2498 3534 ,
2530 3477 2588 3520 ut
2619 3467 2766 3520 Isaia:
2794 3467 2972 3521 verbis
3006 3476 3125 3521 utar
3172 3465 3353 3537 (Isaiae
3381 3468 3459 3536 LI)
3487 3508 3502 3531 ,

1923 3557 2126 3623 ebrius,
2156 3567 2211 3611 et
2256 3559 2323 3611 ah
2367 3559 2606 3627 improba
2644 3556 3038 3613 consuetudine
3065 3567 3316 3627 tanquam
3339 3559 3504 3612 frame

1923 3647 2151 3715 quodam
2185 3656 2464 3702 retractus.

1996 3738 2131 3792 Cum
2159 3739 2322 3808 igitur
2351 3754 2445 3793 rex
2478 3754 2596 3792 cum
2631 3739 2835 3809 duplici
2871 3740 3196 3811 cogitatione
3244 3743 3310 3795 ad
3361 3740 3504 3796 hunc

1930 3830 2148 3884 modum
2185 3831 2521 3895 luctaretur,
2576 3832 2939 3886 nobilissimus
2996 3832 3166 3903 ipsius
3216 3832 3356 3887 filius
3385 3873 3402 3898 ,
3440 3848 3504 3888 ac

1927 3933 2051 3973 vere
2100 3921 2248 3989 regio
2294 3921 2474 3974 animo
2523 3922 2795 3988 praeditus,
2831 3923 2881 3975 in
2931 3937 3030 3977 suo
3071 3923 3507 3993 palatio.quietus

1926 4011 2175 4081 degebat,
2211 4021 2415 4066 naturae
2445 4028 2558 4067 suae
2586 4014 3000 4083 generositatem
3031 4055 3048 4082 ,
3082 4016 3508 4085 modestiamque

1927 4110 1986 4158 et
2021 4105 2378 4157 conSIantiam
2437 4120 2529 4172 per
2569 4120 2733 4173 opera
2777 4106 2983 4160 cunctis
3034 4105 3332 4162 declarans.
3374 4107 3507 4162 Nam

1931 4193 2139 4249 theatra
2173 4206 2222 4248 et
2254 4211 2511 4261 cquorntll
2540 4197 2868 4265 certamina,
2900 4206 2955 4252 et
2985 4199 3325 4254 venationum
3353 4215 3510 4256 exer-

1932 4285 2237 4354 citationes,
2265 4295 2320 4340 et
2341 4288 2516 4341 inania
2538 4288 2719 4342 omnia
2747 4289 3002 4358 juvenilis
3031 4291 3205 4344 atatis
3233 4291 3429 4358 studia,
3454 4301 3512 4344 et

1934 4377 2258 4445 imposturas
2287 4380 2478 4447 quibus
2508 4381 2657 4434 stulti
2709 4382 2874 4436 animi
2921 4381 3254 4437 deliniuntur
3279 4392 3335 4437 et
3361 4384 3509 4439 ines-

1932 4483 2120 4528 cantur
2147 4515 2160 4538 ,
2215 4476 2367 4529 nihili
2413 4478 2632 4532 omnino
2659 4477 2920 4536 ducebat:
2962 4494 3152 4533 verum
3195 4493 3262 4533 ex
3309 4479 3510 4534 Christi

241 4567 342 4623 lem
371 4567 616 4622 reddam.
662 4569 774 4622 Non
814 4571 954 4622 enim
999 4570 1238 4637 posthac,
1273 4571 1371 4623 nisi
1417 4570 1512 4625 tibi
1544 4570 1698 4626 aliter
1743 4573 1823 4625 vi-
1859 4589 1903 4645 ο
1932 4565 2197 4618 mandatis
2225 4567 2443 4620 omnino
2475 4568 2762 4636 pendebat,
2791 4583 2855 4623 ac
2880 4570 3064 4623 divino
3093 4584 3279 4624 amore
3304 4572 3514 4624 saucia-

240 4662 447 4725 deatur,
475 4661 616 4728 regis
645 4661 830 4716 faciem
854 4659 1205 4730 conspiciam.
1231 4661 1435 4730 Ingenti
1459 4671 1634 4716 autem
1663 4662 1827 4715 animi

243 4753 423 4807 laetitia
454 4752 673 4807 effectus
704 4754 843 4821 regis
877 4753 1039 4816 filius,
1073 4763 1233 4821 atque
1258 4755 1399 4808 hunc
1429 4769 1730 4808 sermonem
1760 4755 1825 4808 li-

239 4843 428 4898 benter
455 4843 748 4913 excipiens,
778 4845 947 4912 ipsum
974 4845 1350 4912 complectitur
1381 4853 1432 4899 et
1460 4845 1824 4912 exosculatur,

241 4936 568 5005 attentisque
609 4935 673 4989 ad
705 4935 871 4989 Deum
922 4936 1051 4990 fusis
1099 4938 1360 5004 precibus,
1391 4952 1514 4992 eum
1561 4953 1592 4992 e
1631 4938 1826 5007 palatio

241 5027 456 5080 ctnittit.

331 5120 593 5190 Egressus
640 5128 818 5172 autem
865 5117 1095 5182 Nachor,
1149 5119 1327 5172 animo
1373 5128 1722 5187 compunctus
1771 5118 1822 5172 in

240 5210 617 5266 densissimam
647 5210 989 5263 solitudinem
1017 5210 1158 5263 cervi
1192 5210 1356 5262 instar
1387 5209 1636 5278 prosiliit,
1668 5219 1826 5278 atque

242 5301 293 5352 in
326 5299 579 5375 monachi
607 5298 905 5367 enjusdatn,
936 5300 1024 5368 qui
1056 5300 1341 5352 sact-rdotii
1370 5299 1631 5369 dignitate
1659 5315 1824 5354 orna-

244 5399 328 5442 tus
372 5399 512 5454 erat,
558 5391 864 5456 speluncam
905 5405 964 5444 se
1005 5389 1213 5444 confert
1254 5391 1305 5444 in
1351 5405 1456 5460 qua
1487 5391 1578 5446 ille
1613 5401 1828 5460 propter

245 5480 618 5535 imminentem
642 5493 840 5536 metum
865 5481 1231 5537 delitescebat.
1275 5484 1449 5552 Atque
1489 5490 1614 5537 ante
1654 5483 1826 5551 ipsum

246 5569 647 5626 ferventissimo
677 5585 889 5640 pectore
917 5574 1062 5628 humi
1097 5590 1218 5630 sese
1250 5575 1528 5641 provttlvit,
1559 5576 1832 5644 ipsiusque

247 5663 433 5729 pedes,
471 5663 638 5716 instar
659 5663 904 5720 videlicet
942 5667 1134 5720 veteris
1167 5665 1308 5719 illius
1337 5665 1633 5720 meretricis
1651 5665 1835 5735 (Luca:

252 5746 367 5818 vn),
426 5749 675 5820 lacrymis
742 5750 1037 5817 perfundit,
1098 5765 1158 5806 ac
1222 5751 1457 5804 divinum
1511 5751 1832 5820 baptismum

1932 4663 2038 4721 tus,
2068 4669 2189 4709 eum
2221 4656 2545 4722 expetebat,
2577 4657 2667 4725 qui
2701 4673 2824 4712 vere
2853 4659 3186 4726 expetendus
3223 4667 3324 4722 est,
3368 4667 3512 4734 totus

1931 4745 2113 4797 suavis
2146 4759 2210 4798 ac
2240 4753 2379 4798 tutus
2407 4745 2776 4801 desiderabilis
2815 4749 2988 4818 (Cant.
3020 4749 3075 4819 ν)
3101 4791 3116 4814 ,
3166 4759 3326 4818 atque
3369 4749 3506 4818 ejus-

1933 4835 2098 4901 modi,
2135 4846 2192 4889 ut
2220 4837 2336 4891 sine
2359 4837 2462 4890 ulla
2488 4838 2768 4892 saturitate
2797 4848 3128 4907 expectatur.

2005 4927 2062 4980 In
2095 4930 2410 4983 memoriam
2460 4939 2639 4982 autem
2695 4930 2910 4984 rediens
2951 4930 3187 4998 magistri
3240 4931 3325 4985 sui
3381 4931 3516 4985 Bar-

1933 5019 2092 5086 laam,
2115 5029 2275 5090 atque
2299 5020 2468 5090 ipsius
2493 5021 2655 5076 vitam
2687 5021 2786 5077 sibi
2815 5032 2940 5078 ante
2965 5022 3151 5077 oculos
3179 5037 3510 5094 proponens,

1933 5112 2099 5184 ipsius
2129 5126 2313 5166 amore
2343 5112 2583 5166 animum
2613 5125 2768 5165 suum
2800 5111 3092 5166 demulceri
3124 5113 3411 5180 sentiebat,
3444 5128 3505 5170 ac

1935 5219 2167 5275 quonam
2192 5211 2349 5275 pacto
2371 5204 2542 5272 ipsum
2571 5202 2798 5263 videret.
2827 5217 3039 5257 summo
3065 5202 3243 5258 studio
3269 5204 3513 5269 curabat;

1937 5307 2096 5366 atque
2129 5295 2299 5366 ipsius
2351 5309 2633 5349 sermones
2686 5295 2804 5350 sine
2861 5295 2968 5348 ulla
3010 5295 3410 5351 intermissione
3459 5299 3514 5352 in

1937 5385 2103 5440 corde
2144 5401 2243 5440 suo
2285 5384 2709 5448 circumferens,
2743 5393 2860 5438 erat
2887 5394 3137 5455 tanquam
3165 5386 3327 5441 arbor
3355 5401 3513 5442 secus

1937 5489 2194 5546 aquarum
2226 5475 2483 5531 decursus
2512 5476 2764 5545 plantata,
2792 5486 3151 5546 perpetuoque
3181 5476 3424 5547 irrigata,
3453 5492 3515 5533 ac

1939 5571 2286 5639 tempestivos
2331 5568 2548 5626 domino
2580 5570 2786 5624 fructus
2827 5571 3078 5624 all'erens.
3126 5570 3318 5624 Multas
3365 5570 3510 5624 enim

1939 5660 2147 5713 animas
2176 5659 2374 5715 diaboli
2423 5660 2626 5729 laqueis
2673 5661 2891 5728 eripuit,
2923 5660 3245 5729 Christoque
3273 5666 3513 5713 servatas

1941 5748 2152 5817 obtulit,
2188 5750 2450 5820 siquidem
2482 5751 2635 5807 multi
2687 5751 2753 5805 ad
2804 5766 2925 5807 eum
2971 5764 3093 5806 sese
3132 5749 3471 5804 conferentes
3495 5783 3516 5815 ,
