4010 6242
486 353 587 409 559

1526 346 1611 403 DE
1654 345 1827 403 VITIS
1860 344 2149 422 .PATRUM
2194 341 2395 399 LIBER
2435 341 2703 399 PRIMUS.

3621 334 3732 391 560

485 467 812 525 salutaribus
851 462 1188 517 sermonibus
1225 460 1553 515 fruebantur.
1591 460 1668 512 Ex
1710 458 1903 527 quibus
1950 470 2055 510 non
2087 460 2135 518 Α
2160 458 2300 522 veni,
2332 466 2409 521 ut,
2461 457 2524 508 ad
2575 454 2837 507 edendam
2868 450 3002 520 grati
3037 447 3197 503 animi
3230 446 3672 517 significationem
3707 490 3726 513 ,

490 557 663 627 pauci,
714 554 834 625 fuga
891 551 1077 607 relicto
1128 566 1311 605 errore
1348 550 1412 602 ad
1440 550 1725 603 salutarem
1758 547 2052 600 doctrinam

488 646 854 703 accurrebant.
888 643 992 696 Alii
1038 650 1214 695 autem
1242 681 1257 700 ,
1314 640 1470 693 rebus
1502 638 1658 709 hujus
1692 638 1813 690 vita:
1842 638 2053 704 longum

490 736 663 789 valere
687 732 850 803 jussis
872 772 886 797 ,
920 727 1264 783 monasticam
1314 726 1617 793 palaestram
1674 725 2052 792 capessebant.

492 829 605 893 Ipse
637 832 811 877 autem
856 818 1187 874 orationibus
1229 826 1284 871 et
1326 815 1542 885 jejuniis
1593 830 1809 882 Operam
1851 816 2052 879 dabat,

493 916 889 981 identidemque
921 911 1057 963 hanc
1088 923 1271 962 vocem
1298 908 1362 959 ad
1390 906 1554 959 Deum
1578 920 1628 957 m
1654 905 1818 958 ttcbat
1844 922 1857 955 :
1890 907 1934 959 Ο
1958 904 2059 957 Do-

490 1006 632 1059 mine
669 1006 761 1069 mi,
792 1018 825 1057 o
858 1001 1077 1055 Domine
1108 1000 1179 1052 mi
1207 1012 1270 1053 ac
1293 998 1408 1051 Rex
1435 1038 1450 1062 ,
1479 998 1561 1050 cui
1592 1010 1690 1063 ego
1716 994 1915 1049 credidi
1944 1036 1958 1058 ,
1992 996 2055 1048 ad

493 1113 651 1167 quem
696 1111 796 1166 ego
839 1094 1043 1164 profugi
1072 1134 1087 1158 ,
1121 1102 1279 1159 atque
1309 1102 1494 1143 errore
1524 1088 1778 1142 liberatus
1808 1102 1949 1149 sum,
1980 1088 2049 1138 di-

490 1205 646 1261 gnam
678 1186 877 1241 famulo
910 1195 999 1237 tuo
1032 1184 1307 1236 Barlaamo
1337 1177 1641 1234 mercedem
1674 1179 1927 1245 repende,
1965 1192 2059 1244 pro

488 1296 552 1334 eo
580 1278 721 1349 quod
751 1278 879 1332 mihi
910 1273 1181 1330 oberranti
1211 1283 1262 1326 te
1286 1313 1300 1337 ,
1335 1271 1422 1339 qui
1458 1270 1539 1323 via
1559 1310 1574 1334 ,
1605 1270 1712 1323 vita
1754 1279 1806 1323 et
1860 1269 2059 1322 veritas

489 1389 546 1426 es
576 1370 758 1441 (Joan.
787 1370 918 1433 xtv),
953 1364 1358 1421 demonstravit.
1405 1362 1484 1416 Ac
1512 1361 1641 1415 mihi
1674 1362 1775 1414 hoe
1803 1362 2056 1424 concede,

487 1471 543 1515 ut
571 1477 779 1515 rursum
813 1460 958 1513 illum
992 1459 1043 1511 in
1073 1470 1298 1524 corpore
1325 1454 1567 1522 angelum
1597 1495 1612 1519 ,
1665 1467 1771 1522 quo
1821 1453 2051 1506 mundus

489 1555 679 1624 dignus
707 1567 813 1606 non
845 1559 926 1605 est
956 1547 1115 1618 (Heb.
1162 1546 1261 1617 XI).
1290 1544 1640 1613 conspiciam,
1666 1553 1825 1611 atque
1851 1558 1970 1597 cum
1994 1557 2059 1597 eo

489 1644 629 1713 quod
662 1643 789 1697 mihi
823 1642 942 1695 vitae
972 1648 1217 1708 superest
1262 1635 1537 1691 conficiam
1568 1674 1583 1699 ,
1618 1642 1675 1688 ut
1725 1633 1847 1688 vita;
1894 1635 2061 1700 ipsius

491 1734 724 1802 vestigiis
754 1732 1025 1788 insistens.
1057 1729 1148 1782 tibi
1186 1727 1292 1781 Deo
1312 1740 1373 1780 ac
1406 1725 1629 1778 Domino
1656 1725 1914 1793 placeam.

2160 545 2351 596 festum
2410 558 2511 596 una
2554 543 2911 604 celebremus,
2941 548 3101 608 atque
3128 537 3357 608 eleganti
3388 539 3556 592 forma
3585 552 3733 607 pra-

2157 631 2297 687 ditos
2328 633 2696 687 adolescentes
2717 646 2781 686 ac
2810 632 3069 685 formosas
3097 629 3300 698 puellas
3326 627 3429 681 diis
3456 628 3740 682 immorta-

2160 723 2297 777 libus
2334 725 2697 789 immolemus,
2726 732 3014 791 taurosque
3034 729 3269 787 centum,
3292 736 3356 775 ac
3383 720 3604 788 plurima
3627 722 3738 777 alia

2158 816 2408 869 animalia
2442 815 2577 884 ipsis
2605 814 2891 868 offeramus
2916 855 2931 879 ,
2966 827 3072 882 quo
3098 826 3193 868 eos
3222 826 3436 880 quoque
3472 812 3525 865 in
3556 821 3741 879 poste-

2163 921 2279 958 rum
2310 905 2538 959 invictos
2557 904 2831 973 adjutores
2860 904 3148 959 habeamus
3170 945 3185 968 ,
3212 902 3301 970 qui
3332 902 3486 956 nobis
3518 902 3740 957 univer-

2158 1008 2273 1046 sum
2299 994 2422 1047 vita:
2448 993 2772 1048 curriculum
2796 993 3008 1062 planum
3032 999 3086 1047 et
3113 990 3374 1061 aequabile
3402 992 3647 1045 reddant.

2234 1082 2309 1136 Ad
2339 1083 2453 1137 haec
2482 1097 2575 1139 rex
2612 1083 2866 1139 :Minime
2885 1098 3035 1147 vero,
3076 1082 3268 1149 inquit,
3319 1097 3353 1135 ο
3392 1095 3578 1145 senex,
3603 1081 3738 1136 vici-

2162 1186 2298 1236 mus,
2337 1171 2586 1237 minime,
2611 1173 2825 1241 inquam
2845 1212 2859 1235 ,
2894 1172 3146 1236 vicimus;
3174 1186 3356 1226 verum
3389 1170 3533 1225 nullo
3561 1170 3741 1241 potius

2161 1263 2372 1332 negOtio
2403 1264 2525 1317 victi
2570 1279 2775 1318 sumus.
2807 1264 2936 1318 Nam
2970 1264 3060 1332 qui
3106 1279 3137 1317 a
3184 1264 3337 1318 nobis
3378 1264 3612 1328 stabant,
3652 1279 3740 1319 re-

2163 1360 2319 1419 pente
2347 1352 2637 1405 adversum
2681 1367 2778 1405 nos
2809 1353 3125 1406 exsmerunt
3151 1391 3167 1415 ,
3198 1365 3262 1405 ac
3293 1352 3440 1404 velut
3471 1351 3648 1406 furore
3684 1360 3741 1405 et

2161 1441 2365 1496 insania
2396 1442 2726 1496 laborantem
2750 1451 2908 1509 atque
2934 1440 3251 1495 imbecillam
3277 1453 3514 1493 nostram
3564 1442 3735 1495 aciem

2165 1534 2325 1599 nacti,
2361 1549 2577 1603 prorsus
2605 1549 2722 1589 eam
2756 1535 3023 1602 fregerunt
3050 1547 3114 1587 ac
3136 1539 3560 1601 prostraverunt.
3582 1531 3739 1586 Nunc

2161 1634 2335 1678 autem
2365 1664 2379 1688 ,
2410 1625 2455 1678 si
2485 1639 2586 1693 qua
2620 1624 2713 1678 tibi
2747 1623 2973 1678 facultas
3017 1630 3073 1677 et
3116 1624 3197 1677 vis
3246 1623 3523 1690 suppetit,
3550 1637 3651 1692 qua
3682 1629 3742 1675 tu

2165 1714 2307 1768 humi
2367 1714 2567 1783 jacenti
2618 1713 2862 1784 religioni
2918 1722 3115 1768 nostra:
3180 1713 3466 1781 cpitulari,
3510 1726 3744 1783 eamque

560 1824 691 1878 CAP.
724 1822 917 1876 ΧΧΙΧ.
941 1850 1009 1859 —
1030 1819 1107 1875 Eo
1136 1826 1316 1872 autem
1347 1825 1586 1884 tempore
1610 1813 1876 1883 publicum
1903 1812 2060 1866 falso-
2091 1810 2135 1869 Β
2164 1819 2372 1858 rursum
2400 1805 2634 1858 excitare
2664 1819 2852 1872 queas,
2882 1803 3043 1859 velim
3072 1817 3333 1872 exponas.
3367 1803 3609 1857 Theudas
3637 1817 3739 1856 au-

490 1932 604 1969 rum
647 1916 869 1969 deorum
903 1914 1093 1966 festum
1138 1910 1187 1962 in
1221 1908 1351 1962 urbe
1382 1907 1473 1960 illa
1501 1916 1637 1960 erat.
1671 1905 1868 1973 Regem
1898 1918 2061 1972 porro

493 2006 616 2059 huic
667 2005 801 2057 festo
846 2002 1106 2056 interesse
1149 2015 1209 2053 ac
1262 1996 1651 2068 copiosissimis
1677 1993 1906 2050 victimis
1935 1994 2061 2047 illud

490 2112 751 2154 exornare
778 2094 1077 2163 Oportebat.
1104 2093 1297 2147 Verum
1348 2104 1468 2145 cum
1525 2086 1831 2143 sacerdotes
1886 2087 2058 2155 ipsum

490 2193 542 2245 in
573 2190 797 2244 deorum
830 2188 978 2241 cultu
1021 2197 1239 2252 segnem
1268 2198 1330 2235 ac
1362 2180 1596 2250 tepidum
1635 2193 1756 2233 esse
1790 2177 2064 2246 conspice-

492 2291 631 2344 rent,
666 2280 717 2334 id
742 2278 1064 2333 vcrebantur
1087 2319 1101 2343 ,
1136 2290 1201 2328 ne
1237 2273 1302 2327 ad
1334 2273 1592 2340 templum
1624 2271 1805 2326 venire
1832 2269 2063 2339 neglige-

491 2382 594 2437 rt-t,
626 2370 809 2437 sicque
840 2368 941 2436 ipsi
972 2365 1287 2420 muneribus
1330 2362 1395 2415 iis
1422 2376 1541 2430 qua:
1579 2376 1605 2413 a
1655 2375 1779 2428 rege
1820 2361 2063 2425 accipere

492 2466 930 2519 consueverant,
961 2456 1275 2519 ueterisque
1322 2450 1667 2519 proventibus
1718 2448 2060 2501 orbarentur.

496 2556 792 2621 Surgentes
820 2550 995 2617 itaque
1019 2588 1034 2611 ,
1064 2546 1127 2597 ad
1162 2544 1471 2608 Speluncam
1494 2534 1849 2609 quamdamin
1878 2536 2065 2590 vastis-

496 2649 629 2699 sima
664 2641 952 2698 solitudine
979 2639 1133 2692 sitam
1161 2634 1591 2704 proficiscuntur,
1624 2630 1675 2682 in
1702 2643 1806 2697 qua
1836 2628 1915 2681 vir
1943 2631 2066 2697 qui-

495 2740 615 2789 dam
647 2732 866 2803 magicis
912 2729 1115 2782 artibus
1146 2724 1380 2785 deditus,
1438 2731 1598 2789 atque
1639 2716 1753 2771 falsi
1805 2718 2065 2771 idolorum

494 2826 665 2879 cultus
711 2821 1007 2876 acerrimus
1053 2823 1415 2884 propugnator
1460 2810 1754 2872 habitabat,
1812 2806 2065 2861 Theudas

496 2916 716 2972 nomine
744 2954 759 2979 ,
787 2926 948 2983 quem
976 2910 1134 2964 etiam
1174 2922 1264 2959 rex
1313 2903 1568 2970 singulari
1602 2900 1803 2953 honore
1832 2898 2062 2966 comple-

499 3006 763 3067 ctebatur,
797 3002 1126 3067 charumque
1168 2998 1480 3063 magistrum
1511 2992 1867 3054 existimabat,
1904 2990 2067 3056 ipsius

496 3099 743 3153 nimirum
792 3094 1058 3151 vaticiniis
1106 3107 1329 3163 regnum
1381 3103 1534 3143 suum
1588 3087 1825 3141 omnium
1884 3100 2064 3139 rerum

2166 1906 2269 1951 tem
2302 1896 2412 1965 regi
2460 1895 2528 1949 ad
2567 1895 2711 1949 hunc
2750 1896 2964 1950 modum
3006 1895 3280 1965 respondit
3325 1912 3338 1947 :
3389 1893 3734 1949 Galilaeorum

2163 1988 2535 2042 contentiones
2626 1996 2783 2056 atque
2862 1989 3047 2041 inanes
3137 2001 3404 2043 sermones
3433 2025 3450 2052 ,
3500 2001 3533 2041 o
3584 2000 3683 2040 rex
3714 2024 3735 2050 ,

2166 2081 2382 2134 minimc
2412 2080 2749 2148 pertimesce.
2792 2079 2921 2146 Quae
2949 2079 3090 2133 enim
3122 2086 3249 2133 sunt
3276 2092 3337 2131 ea
3366 2092 3481 2147 quae
3508 2079 3575 2131 ab
3601 2077 3743 2145 ipsis

2163 2170 2477 2236 afferuntur,
2530 2180 2787 2240 quantum
2848 2168 3067 2235 quidem
3112 2169 3177 2221 ad
3227 2168 3372 2222 viros
3420 2166 3649 2233 ratione
3678 2181 3744 2218 ac

2166 2262 2447 2331 prudentia
2488 2262 2740 2328 praeditos
2769 2259 2995 2313 attinet?
3039 2259 3157 2314 Meo
3195 2256 3410 2328 quidem
3432 2256 3632 2326 judicio
3661 2252 3744 2308 fa-

2164 2351 2320 2405 cilius
2346 2349 2685 2419 dejicientur,
2736 2364 2896 2417 quam
2938 2347 3119 2401 folium
3172 2362 3201 2401 a
3246 2356 3408 2401 vento
3436 2361 3745 2400 excussum.

2165 2440 2346 2510 Neque
2371 2441 2515 2495 enim
2541 2440 2626 2494 vel
2654 2449 2997 2506 conspectum
3021 2453 3197 2493 meum
3225 2436 3591 2501 sustinebunt,
3618 2445 3745 2489 tan-

2169 2544 2279 2589 tum
2313 2533 2465 2585 abest
2492 2542 2550 2585 ttt
2571 2545 2846 2584 sermones
2874 2540 3202 2591 conserant,
3246 2540 3408 2597 atque
3436 2529 3501 2580 ad
3534 2541 3747 2580 mecum

2166 2622 2541 2690 disputandum
2569 2622 2756 2690 pedem
2794 2630 3100 2675 conserant.
3128 2619 3414 2683 Cmterum,
3450 2627 3507 2671 ut
3533 2630 3586 2672 et
3617 2632 3748 2686 pro-

2169 2713 2401 2781 positum
2431 2711 2570 2764 istud
2601 2720 2870 2764 certamen
2893 2750 2909 2776 ,
2942 2720 2993 2763 et
3024 2708 3280 2778 quidquid
3313 2707 3454 2760 aliud
3481 2708 3533 2760 itt
3565 2704 3749 2760 animo

2170 2802 2540 2866 habuerimus,
2571 2810 2719 2856 recto
2762 2815 2920 2856 cursu
2964 2800 3188 2865 feratur,
3240 2814 3432 2868 resque
3480 2798 3635 2852 nobis
3680 2812 3748 2852 ex

2170 2896 2331 2949 animi
2360 2894 2621 2949 sententia
2651 2893 2965 2958 succedant,
2995 2892 3078 2947 fac
3098 2891 3365 2961 publicum
3413 2890 3513 2944 hoc
3553 2892 3753 2944 festum

2169 3001 2398 3040 exornes
2423 3029 2437 3057 ι
2475 2986 2806 3052 deorumque
2854 2983 3283 3038 benevolentiam
3317 3025 3331 3048 ,
3373 2990 3624 3049 tanquam
3660 2980 3748 3031 fir-

2178 3078 2418 3131 missima
2440 3075 2681 3144 quaedam
2705 3089 2850 3128 arma
2884 3074 3093 3134 induas,
3126 3088 3190 3126 ac
3221 3083 3329 3124 tum
3362 3070 3534 3124 fausta
3564 3069 3753 3124 omnia

496 3191 650 3260 copia
676 3190 887 3253 ﬂorere,
912 3197 1068 3256 atque
1095 3186 1146 3238 in
1173 3161 1287 3238 dies
1314 3182 1494 3251 augeri
1519 3180 1725 3235 dicens.
1748 3180 1878 3235 Cum
1906 3180 2067 3249 igitur
2095 3171 2140 3232 C
2176 3168 2452 3222 habiturus
2474 3181 2553 3221 εει
2582 3165 2704 3218 Ηπε
2732 3178 2852 3217 cum
2884 3163 2974 3218 ille
2999 3162 3261 3232 iacwssel
3290 3199 3309 3227 ν
3354 3161 3443 3229 (ἰαί
3470 3204 3486 3227 ν
3538 3168 3590 3214 υι
3622 3173 3752 3214 cum

497 3280 831 3336 sacerdotum
858 3278 1093 3333 cultores
1135 3275 1201 3329 ad
1232 3275 1402 3343 ipsum
1428 3271 1717 3334 venissent,
1762 3271 1880 3339 ejus
1906 3285 2063 3338 opem

497 3386 660 3444 atque
684 3370 944 3426 auxilium
971 3366 1349 3437 implorabant,
1374 3364 1527 3433 eique
1548 3363 1772 3416 deorum
1800 3361 2064 3428 improba-

498 3468 696 3520 tionem
747 3465 799 3517 in
844 3477 1002 3531 quam
1036 3475 1127 3514 rex
1160 3458 1417 3512 inciderat
1444 3453 1807 3524 exponebant,
1839 3466 2066 3521 quaeque

496 3560 635 3628 regis
686 3556 822 3610 filius
872 3554 1124 3617 fecisset,
1155 3562 1210 3605 et
1254 3547 1696 3619 quemadmodum
1738 3545 1951 3601 Nachor
1998 3545 2063 3598 ad

494 3651 665 3718 ipsius
713 3646 1037 3701 voluntatem
1086 3651 1245 3711 atque
1274 3640 1592 3696 sententiam
1629 3637 1939 3692 concionem
1973 3635 2066 3689 ha-

494 3739 717 3793 buisset.
743 3738 820 3790 Ac
852 3735 949 3789 nisi
978 3744 1032 3788 tu
1060 3732 1176 3801 ipse
1199 3731 1406 3793 venias,
1431 3729 1767 3799 inquiebant,
1802 3728 2063 3795 nobisque

497 3844 651 3897 opem
681 3827 900 3889 offeras,
950 3839 1074 3893 spes
1126 3820 1303 3876 omnis
1351 3819 1611 3875 exstincta
1645 3827 1750 3882 est,
1784 3816 2067 3885 omnisque

497 3922 720 3973 deorum
753 3918 929 3971 cultus
962 3929 1023 3969 ac
1052 3913 1325 3968 veneratio
1368 3910 1543 3977 periit.
1585 3909 1714 3962 Nam
1751 3919 1803 3961 tu
1855 3907 2066 3960 unicum

501 4009 656 4062 nobis
679 4004 993 4060 calamitatis
1035 4002 1282 4056 solatium
1314 4000 1533 4054 relictus
1563 4014 1622 4052 es
1646 4039 1661 4063 ,
1704 4007 1863 4066 atque
1915 3996 1964 4048 in
2018 4006 2068 4048 te

499 4115 606 4154 uno
632 4112 755 4167 spes
782 4111 971 4152 omnes
998 4105 1207 4149 nostras
1229 4094 1425 4162 positas
1448 4092 1721 4146 habemus.

568 4188 819 4243 Theudas
865 4187 1042 4254 itaque
1091 4199 1210 4237 cum
1258 4183 1496 4237 satanico
1526 4197 1590 4235 eo
1618 4180 1857 4235 exercitu
1910 4192 2066 4243 quem

501 4296 682 4335 secum
715 4279 944 4333 habebat
969 4278 1019 4331 in
1044 4276 1435 4345 expeditionem
1466 4272 1662 4342 pergit,
1692 4282 1849 4340 atque
1880 4272 2058 4323 adter-

497 4388 591 4427 sus
619 4371 899 4426 veritatem
924 4383 1067 4422 arma
1099 4373 1372 4435 comparat
1402 4382 1414 4417 :
1448 4362 1634 4417 accitis
1660 4361 1908 4416 nimirum
1935 4360 2070 4413 mul-

496 4466 563 4519 tis
594 4463 771 4532 pravis
797 4459 1071 4530 spiritibus
1102 4498 1116 4520 ,
1148 4470 1283 4524 quos
1310 4454 1376 4508 ad
1409 4467 1496 4509 res
1527 4451 1796 4520 improbas
1829 4460 2069 4518 prompte

2176 3260 2371 3314 Davide
2402 3260 2608 3328 loquar,
2642 3261 2690 3311 in
2719 3256 2916 3311 malitia
2942 3265 3131 3324 potens
3150 3263 3284 3321 erat,
3308 3265 3469 3322 atque
3491 3252 3748 3321 iniquita-

2171 3360 2274 3403 tem
2325 3359 2431 3405 tota
2470 3350 2556 3403 die
2586 3347 2940 3403 meditabatur
2970 3345 3143 3418 (Psal.
3186 3344 3286 3414 LI),
3346 3345 3748 3415 turbidumque,

2169 3454 2227 3498 ut
2257 3443 2408 3497 Isaia:
2436 3449 2454 3463 '
2481 3442 2661 3497 verbis
2688 3453 2827 3508 utar,
2862 3440 3265 3495 subversionem
3290 3438 3463 3492 amico
3493 3452 3593 3491 suo
3624 3453 3749 3505 pro~

2171 3532 2385 3602 pinabat
2416 3530 2640 3601 (Eabae.
2674 3530 2733 3597 tt)
2758 3569 2776 3596 ,
2818 3517 3181 3601 improborum
3229 3530 3510 3595 spirituum
3535 3568 3552 3592 ,
3611 3541 3751 3594 quos

2170 3625 2284 3692 ipse
2309 3625 2536 3678 comites
2561 3623 2806 3686 habebat,
2835 3636 2936 3688 ope
2974 3632 3134 3690 atque
3160 3620 3471 3687 adjumento
3499 3619 3749 3685 pet-fecit,

2176 3724 2233 3768 ut
2262 3730 2355 3769 rex
2384 3714 2732 3784 cogitationes
2781 3727 2872 3765 eas
2915 3727 3031 3781 quas
3062 3713 3232 3779 ipsum
3282 3710 3469 3765 salutis
3519 3711 3746 3764 submo-

2171 3806 2368 3860 nebant
2414 3818 2631 3873 prorsus
2675 3819 2706 3857 e
2764 3803 3020 3856 memoria
3075 3802 3329 3869 ejiceret,
3382 3801 3702 3870 eisdemque
3734 3840 3747 3862 .

2170 3895 2365 3965 quibus
2400 3894 2607 3947 solebat
2632 3893 2824 3947 studiis
2877 3893 3063 3946 sedulo
3111 3893 3356 3945 horreret.
3414 3896 3491 3946 Ac
3522 3894 3749 3961 proinde

2174 4002 2297 4041 curn
2326 3985 2487 4055 regia:
2514 3985 2706 4038 litterae
2734 3998 3159 4053 quaquaversum
3186 3994 3601 4049 commeasseut,
3630 3984 3748 4053 qui-

2179 4079 2276 4132 bus
2324 4091 2510 4130 otnnes
2540 4075 2605 4129 ad
2636 4076 3024 4131 exsecrandum
3062 4075 3284 4131 deorum
3316 4074 3507 4130 festum
3552 4090 3751 4131 conve-

2172 4172 2290 4224 nire
2327 4169 2653 4238 jubebantur
2682 4207 2699 4234 ,
2746 4183 2970 4223 cernere
3013 4178 3127 4223 erat
3170 4169 3439 4240 ingentem
3473 4168 3750 4224 hominum

2178 4262 2574 4316 multitudinem
2603 4261 2980 4326 confluentem,
3014 4269 3173 4331 atque
3197 4275 3325 4316 oves
3354 4270 3409 4315 et
3436 4261 3622 4325 boves,
3657 4276 3751 4313 Vn-

2175 4356 2359 4423 riaque
2385 4354 2632 4407 animalia
2657 4368 2836 4408 secum
2862 4351 3236 4409 adducentem.

2244 4446 2376 4500 Cum
2408 4446 2565 4515 igitur
2584 4458 2770 4499 omnes
2798 4446 3071 4509 coiisscnt,
3102 4459 3324 4514 surgens
3348 4459 3461 4507 rex,
3493 4458 3599 4497 una
3626 4459 3749 4496 cum

496 4572 557 4609 ac
586 4558 746 4626 312
777 4554 1010 4608 libenter
1039 4550 1351 4604 auxiiiarem
1390 4560 1603 4600 manum
1633 4542 1826 4596 afferre
1866 4552 2016 4595 norat
2047 4581 2065 4608 ,
2098 4536 2147 4595 D
2172 4536 2462 4605 impostore
2482 4536 2698 4590 Theuda
2726 4535 2790 4588 ad
2814 4534 3068 4600 templum
3102 4533 3373 4601 profectus
3398 4545 3500 4596 est,
3531 4546 3589 4588 ut
3615 4544 3735 4587 tau-

494 4656 547 4701 et
570 4660 703 4715 quos
740 4648 855 4712 lpse
880 4655 1092 4709 semper
1121 4641 1393 4693 ministros
1415 4635 1733 4690 adhibuerat
1757 4673 1773 4699 ,
1798 4633 1881 4687 bis
1903 4634 2068 4687 cemi-

493 4746 632 4791 tatus
649 4723 722 4790 ad
749 4747 929 4802 regem
962 4731 1194 4784 accedit.

568 4827 633 4881 Ut
661 4834 837 4877 autem
870 4820 1033 4889 ipsius
1060 4819 1318 4872 adventus
1344 4816 1451 4886 regi
1473 4815 1756 4869 nuntiatus
1783 4826 1884 4878 est,
1910 4822 2068 4880 atque

492 4918 607 4985 ipse
639 4916 939 4983 palmarum
965 4912 1165 4979 virgam
1202 4924 1359 4961 manu
1386 4919 1593 4971 tenens,
1627 4907 1889 4973 ovinaque
1924 4905 2063 4971 pelie

491 5008 707 5061 indutus
736 5006 1008 5073 ingressus
1037 5012 1138 5065 est,
1172 5014 1263 5053 rex
1299 5014 1329 5053 e
1357 4998 1551 5051 throno
1593 5012 1689 5049 suo
1735 4995 1952 5054 exsiliLt.
1988 4995 2065 5062 ip-

493 5098 646 5163 sique
676 5095 886 5148 obviam
916 5093 1137 5162 prodiit,
1169 5103 1397 5159 eumque
1417 5087 1688 5141 osculatus
1701 5098 1803 5140 est.
1826 5084 2065 5153 Cumque

495 5184 804 5239 cathedram
836 5182 1011 5235 afferri
1040 5181 1311 5250 jussisset,
1349 5180 1518 5246 ipsum
1546 5189 1712 5245 prope
1736 5188 1794 5227 se
1829 5174 2064 5227 colloca—

489 5275 583 5328 vit.
614 5274 911 5341 Posteaqne
942 5273 1187 5326 Thendas
1218 5271 1302 5323 his
1330 5270 1394 5323 ad
1429 5284 1606 5337 regem
1638 5266 1813 5320 verbis
1847 5266 2011 5317 utitur
2044 5281 2056 5314 :

488 5365 625 5429 Rex,
660 5364 713 5416 in
742 5373 1000 5417 aeternum
1034 5362 1151 5415 vive
1174 5400 1189 5423 ,
1238 5360 1588 5413 maximorum
1623 5357 1843 5410 deorum
1882 5354 2063 5407 favore

488 5471 550 5508 ac
583 5452 949 5506 benevolentia
978 5464 1181 5519 septus.
1206 5450 1284 5503 Ad
1311 5464 1398 5503 me
1432 5448 1574 5503 enim
1621 5450 1841 5500 allatum
1883 5457 1964 5498 est
2012 5456 2062 5497 te

487 5547 677 5617 ingens
709 5554 980 5598 certamen
1012 5542 1268 5596 adversus
1299 5540 1549 5607 Galilaeos
1580 5541 1786 5606 iniisse,
1817 5553 1879 5592 ac
1910 5540 2058 5591 lucu-

487 5639 837 5696 lctttissitnam
890 5636 1114 5701 palmam
1150 5634 1415 5689 retulisse.
1446 5633 1635 5704 quue
1689 5635 1905 5689 nomine
1954 5632 2055 5686 huc

557 5757 575 5777 ‘
608 5752 872 5805 Memoria:
902 5747 1074 5814 lapsus
1106 5758 1205 5799 est.

2172 4641 2262 4680 ros
2292 4640 2355 4679 ac
2387 4626 2642 4692 permulta
2665 4625 2953 4678 animantia
2986 4625 3340 4679 itnmolarent.
3365 4625 3557 4691 Sicque
3582 4625 3747 4678 nefa-

2171 4717 2309 4769 rium
2356 4725 2409 4769 ct
2449 4716 2819 4769 exsecratione
2859 4714 3077 4784 dignum
3136 4715 3327 4769 festum
3360 4714 3748 4774 celebrabant;

2168 4807 2307 4863 adeo
2336 4817 2392 4861 ut
2420 4815 2475 4862 et
2503 4807 2779 4860 brutorum
2803 4808 3148 4861 animantium
3181 4806 3465 4875 mugitibus
3489 4815 3599 4860 tota
3622 4806 3747 4860 urbs

2172 4905 2504 4965 personaret,
2548 4907 2602 4951 ct
2638 4897 2972 4951 victimarum
3014 4898 3202 4951 nidore
3241 4901 3355 4965 ipse
3400 4913 3617 4966 quoque
3656 4912 3747 4951 aer

2170 4989 2505 5042 inliceretur.
2551 4988 2643 5042 llis
2676 4987 2742 5041 ad
2776 4988 2915 5042 hunc
2946 4988 3160 5042 modum
3190 4988 3467 5050 confectis,
3490 5003 3611 5041 eum
3642 4988 3744 5041 im-

2169 5080 2320 5148 probi
2348 5077 2567 5146 spiritus
2612 5079 2680 5132 de
2724 5078 2958 5132 Theudae
3003 5078 3223 5132 victoria
3256 5078 3516 5148 majorem
3547 5082 3601 5131 in
3632 5092 3748 5131 mo-

2169 5170 2293 5223 dum
2317 5169 2704 5239 gloriarentur,
2734 5170 3147 5239 sacerdotesque
3173 5172 3374 5240 gratias
3403 5170 3503 5239 ipsi
3532 5171 3751 5224 habuis-

2166 5272 2308 5328 sent,
2344 5276 2438 5317 rex
2469 5276 2680 5316 rursum
2725 5262 2793 5316 ad
2834 5263 3085 5333 palatium
3134 5278 3193 5317 se
3219 5263 3441 5332 recepit,
3475 5263 3655 5331 aitque
3684 5263 3749 5315 ad

2167 5352 2441 5406 Theudam
2478 5368 2493 5407 :
2523 5352 2602 5407 En
2623 5352 3075 5422 quemadmodum
3099 5352 3330 5423 jussisti,
3364 5353 3499 5408 nihil
3526 5356 3748 5408 omnino

2166 5442 2330 5496 studii
2355 5456 2385 5496 a
2416 5457 2501 5496 me
2532 5444 2954 5512 praatermissum
2983 5453 3087 5509 est,
3117 5442 3259 5512 quod
3288 5442 3503 5512 quidem
3526 5442 3594 5495 ad
3628 5442 3743 5495 fe~ti

2166 5522 2507 5601 splendorem
2534 5575 2550 5600 ,
2582 5542 2636 5589 et
2665 5533 3048 5589 sacrificiorum
3101 5536 3551 5606 magnificentiam
3584 5536 3745 5603 perti-

2164 5634 2333 5680 neret.
2358 5624 2476 5680 Jam
2508 5626 2687 5696 itaque
2720 5635 2927 5696 tempus
2957 5636 3116 5683 estut
3138 5642 3259 5698 qua:
3287 5628 3417 5685 mihi
3452 5626 3737 5698 promisisti
