4010 6290
287 313 393 371 5151

726 311 885 366 VITA
928 308 1343 366 SANCTORUM
1385 309 1707 365 BARLAAM
1750 308 2086 364 ΕΠΕΜῘΤΔΕ
2133 312 2217 366 ET
2256 313 2611 369 JOSAPIIAT
2656 314 2862 370 INDUE
2910 316 3129 370 REGIS.

3441 319 3550 375 582

284 424 527 493 expleas,
555 423 828 491 liliumque
851 436 1050 487 meum,
1075 422 1162 489 qui
1192 436 1220 474 a
1240 420 1684 489 religionenostra
1698 420 1868 474 desci-
1900 424 1946 481 A
1974 423 2097 479 dam
2136 427 2418 482 obscurum
2465 445 2526 483 et
2560 445 2690 498 rupe
2718 432 2943 498 quadam
2974 433 3306 495 condidisse,
3360 434 3553 489 illium-

286 522 385 582 v.t,
413 530 445 570 ι
464 514 889 571 Christianorum
913 528 1095 568 errore
1126 511 1380 577 vindices,
1404 525 1467 565 ac
1482 526 1602 564 cum
1632 510 1871 579 benignis

282 611 389 667 diis
420 610 473 663 in
493 607 720 676 gratiam
748 607 989 659 reducas.
1018 604 1152 659 Nam
1178 619 1278 673 ego
1299 619 1420 657 cum
1459 612 1628 657 artem
1656 618 1869 657 omnem

284 698 647 763 adhibuerim,
673 704 832 765 atque
860 711 1071 749 onmem
1105 696 1332 763 lapidein
1367 695 1643 758 moverim,
1671 695 1870 749 nullam

282 800 470 847 tamen
493 787 665 842 morbi
689 787 1003 840 medicinam
1018 785 1311 851 reperi,sed
1327 784 1492 852 ipsius
1510 798 1742 839 mentem
1756 799 1871 836 om-

280 880 447 935 nibus
476 879 637 933 rebus
669 874 999 945 superiorem
1016 890 1136 931 esse
1160 875 1426 943 perspexi.
1444 873 1573 927 Nam
1602 875 1643 926 si
1678 873 1870 927 blande

280 984 350 1025 ac
377 970 568 1025 leniter
611 984 732 1024 cum
763 982 828 1022 eo
856 982 1015 1036 agere
1042 966 1269 1031 institui,
1298 980 1367 1020 ne
1395 965 1477 1019 sic
1503 965 1716 1033 quidem
1747 979 1866 1017 eum

280 1060 419 1114 inihi
454 1059 564 1114 ullo
581 1059 740 1114 modo
764 1056 1001 1113 animum
1028 1056 1261 1126 adjicere
1282 1056 1543 1123 comperi.
1570 1055 1799 1109 Rursum
1821 1054 1867 1107 si

280 1168 479 1208 severe
490 1161 651 1221 atque
677 1150 870 1206 acerbe
895 1165 1017 1205 eum
1042 1149 1303 1216 accepi,in
1319 1146 1666 1215 pervicaciam
1692 1146 1868 1214 potius

269 1246 413 1300 inde
440 1246 615 1314 ipsum
636 1244 805 1297 attolli
833 1242 1105 1310 conspexi.
1130 1240 1488 1309 Quamobrem
1509 1238 1864 1293 calamitatem

278 1354 404 1391 eam
464 1352 585 1407 qua:
633 1336 763 1390 mibi
787 1335 1001 1401 accidit,
1032 1334 1306 1403 sapientiae
1333 1340 1436 1387 tua:
1455 1330 1756 1387 committo.
1790 1332 1866 1385 Ac

280 1427 551 1496 siquidem
577 1440 661 1483 ea.
683 1440 785 1493 ope
805 1436 894 1479 tua
920 1434 975 1479 et
996 1425 1195 1478 auxilio
1223 1422 1670 1489 liberatus,filium
1685 1434 1861 1474 meum

280 1532 496 1573 urceum
531 1530 719 1572 rursus
738 1517 868 1569 deos
905 1529 1056 1570 meos
1081 1516 1380 1581 colentem,
1406 1523 1565 1583 atque
1596 1512 1864 1581 voluptua-

280 1611 380 1663 riae
430 1606 587 1676 hujus
639 1609 763 1661 vita:
809 1605 1185 1676 cupiditatibus
1222 1619 1285 1659 ac
1325 1605 1475 1673 regni
1508 1603 1863 1673 voluptatibus

287 1698 555 1753 fruentem
579 1697 760 1761 video,
793 1711 1009 1750 auream
1054 1696 1146 1750 tibi
1192 1703 1419 1749 statuam
1464 1695 1663 1763 erigam
1689 1736 1706 1762 ,
1742 1693 1861 1747 effi-

1973 531 2076 585 que
2121 518 2231 571 illic
2260 534 2362 572 una
2394 535 2514 573 cum
2567 521 2861 575 nutricibus
2890 522 3170 577 inclusisse
3218 521 3408 591 fertur,
3454 540 3553 580 nec

1972 618 2096 663 ante
2125 610 2404 666 duodecim
2436 626 2607 666 annos
2634 624 2851 667 exactos
2877 614 3038 667 ullum
3071 614 3288 667 omnino
3330 614 3433 684 ipsi
3465 615 3552 669 lu-

1972 699 2049 752 eis
2090 700 2428 763 Splendorem
2479 703 2796 757 ostendisse.
2841 701 3104 759 Confecto
3142 713 3324 758 autem
3366 704 3554 772 hujus-

1972 790 2110 841 modi
2140 792 2394 856 temporis
2418 793 2705 855 curriculo,
2738 793 2932 858 lilLum,
2960 797 3047 863 qui
3080 796 3210 848 nihil
3230 796 3453 850 omnino
3475 810 3552 850 re-

1970 892 2085 931 rum
2121 882 2278 933 lltttltd
2300 897 2504 935 marum
2537 883 2601 935 ad
2650 882 2791 937 hunc
2817 898 2983 949 usque
3011 884 3152 939 diem
3184 897 3549 955 perspexerat,

1968 983 2032 1022 ex
2088 969 2185 1022 hoc
2235 971 2478 1025 cubiculo
2526 972 2732 1037 educit;
2772 987 2833 1027 ac
2882 983 2989 1027 tum
3019 975 3115 1042 ipsi
3158 975 3368 1040 omnia,
3398 977 3548 1044 juxta

1968 1072 2121 1113 suum
2155 1061 2399 1131 quodque
2428 1077 2597 1130 genus
2625 1062 2863 1118 exhiberi
2891 1080 2954 1118 ac
2984 1064 3339 1120 demonstrari
3359 1066 3547 1135 jubet,

1968 1151 2113 1204 viros
2144 1151 2392 1206 nimirum
2436 1153 2488 1207 in
2519 1167 2625 1206 uno
2655 1155 2792 1216 loco.
2833 1156 2884 1207 in
2913 1155 3020 1208 alio
3049 1155 3296 1223 feminas,
3337 1158 3550 1213 aliunde

1967 1255 2187 1308 aurum,
2218 1243 2318 1297 alia
2364 1259 2427 1298 ex
2460 1255 2609 1313 parte
2637 1258 2947 1314 argentum,
2979 1250 3203 1303 uniones
3234 1260 3287 1303 et
3334 1251 3540 1317 lapides

1966 1334 2213 1401 exquisiti
2247 1336 2422 1401 pretii,
2456 1345 2630 1391 vestes
2659 1338 2958 1393 luculentas
2988 1350 3039 1393 et
3066 1340 3360 1407 elegantes,
3411 1357 3537 1395 cur-

1968 1438 2057 1477 rus
2080 1425 2272 1495 insigni
2302 1426 2688 1494 pulchritudine
2717 1430 2873 1483 simul
2907 1446 3026 1484 cum
3067 1432 3228 1500 regiis
3251 1434 3402 1499 equis
3446 1450 3541 1485 an-

1965 1527 2058 1566 reo
2088 1512 2239 1569 freno
2264 1516 2554 1582 instructis,
2578 1533 2697 1572 cum
2726 1519 2909 1575 aulaeis
2938 1522 3241 1589 purpureis,
3270 1536 3334 1575 ac
3364 1537 3545 1576 sesso-

1966 1607 2112 1662 ribus
2141 1610 2378 1675 armatis,
2413 1609 2569 1665 bo'um
2601 1611 2726 1664 item
2756 1622 3019 1677 armenta,
3051 1622 3105 1665 et
3136 1612 3397 1680 pecudum
3420 1630 3546 1683 gre-

1962 1710 2088 1764 ges;
2119 1706 2300 1765 atque,
2336 1707 2392 1752 ut
2416 1701 2717 1754 summatim
2748 1700 2942 1763 dicam,
2972 1702 3151 1755 omnia
3179 1709 3327 1756 certo
3358 1702 3545 1756 ordine

282 1792 535 1855 clamque
566 1799 625 1842 ut
666 1788 887 1857 posthac
929 1788 978 1839 io
1025 1787 1408 1855 sempiternum
1442 1784 1580 1839 idem
1628 1785 1718 1840 tibi
1762 1784 1866 1838 diis
1897 1772 1943 1831 Β
1973 1801 2136 1853 puero
2166 1788 2582 1845 demonstrabat.
2620 1790 2978 1845 Percoiitaute
3003 1802 3178 1846 autem
3221 1808 3286 1847 eo
3313 1808 3543 1861 quonam

275 1882 460 1935 'houor
484 1896 514 1935 a
545 1880 751 1935 cunctis
779 1882 1057 1934 tribuatur.

361 1973 616 2027 Theudas
646 1974 804 2043 igitur
825 1982 1077 2026 attentam
1101 1984 1284 2024 aurem
1307 1969 1522 2025 diabolo
1546 1968 1861 2034 subiiciens,

286 2074 454 2132 atque
503 2065 571 2118 ab
625 2065 717 2118 illo
769 2064 1065 2133 improbum
1119 2078 1180 2116 ac
1234 2062 1541 2131 pestiferum
1583 2061 1863 2116 consilium

290 2153 541 2219 edoctus,
568 2155 775 2224 ipsique
800 2155 997 2222 lingua:
1027 2165 1188 2221 atque
1223 2154 1333 2205 oris
1361 2166 1577 2218 Operam
1607 2165 1813 2204 navans
1846 2194 1859 2215 ,

286 2242 357 2293 ad
390 2257 570 2310 regem
604 2244 681 2297 ait
712 2262 724 2297 :
752 2244 806 2297 Si
838 2243 1002 2298 filium
1054 2252 1199 2296 tuum
1249 2243 1301 2295 in
1356 2250 1671 2310 potestatem
1722 2249 1862 2293 tuam

286 2331 553 2402 redigere,
585 2335 855 2404 ipsiusque
880 2336 933 2388 in
963 2334 1246 2403 pugnando
1270 2332 1618 2401 pervicaciam
1651 2331 1862 2384 inanem

285 2422 517 2477 reddere
545 2423 718 2493 cupis,
746 2438 835 2476 ars
855 2439 885 2476 a
908 2439 994 2478 me
1022 2423 1326 2491 excogitata
1352 2431 1454 2485 est,
1487 2422 1569 2475 cui
1588 2419 1862 2493 vobluetari

284 2514 436 2567 nullo
483 2513 641 2568 modo
688 2514 904 2583 poterit,
938 2529 1124 2568 verum
1154 2515 1316 2566 durus
1347 2511 1511 2580 ipsius
1537 2512 1748 2565 animus
1788 2510 1865 2563 fa-

279 2606 438 2658 cilius
469 2606 795 2670 emollietur,
842 2620 1000 2675 quam
1046 2619 1167 2659 cera
1214 2606 1409 2673 ingenti
1461 2617 1590 2673 rogo
1618 2603 1853 2657 admota.

276 2697 397 2751 vitex
441 2698 618 2766 itaque
654 2711 849 2750 vanum
884 2696 1154 2749 hominem
1195 2696 1335 2750 inani
1372 2706 1581 2749 tumore
1616 2694 1857 2749 inflatum

284 2787 494 2853 videns,
523 2789 587 2841 ad
611 2788 936 2856 voluptatem
960 2790 1137 2841 statim
1158 2788 1429 2856 animique
1460 2787 1697 2841 laetitiam
1740 2801 1860 2842 sese

280 2880 443 2951 313
472 2881 755 2944 convertit,
788 2895 1011 2949 sperans
1040 2880 1307 2944 videlicet,
1339 2882 1666 2949 petulantem
1702 2880 1848 2934 illam

276 2983 337 3026 et
369 2974 625 3027 audacem
656 2973 887 3041 linguam
918 2973 1152 3026 animum
1194 2972 1449 3027 divinitus
1494 2972 1746 3026 edoctum
1787 2987 1851 3026 ac

283 3062 632 3130 philosOphim
655 3063 869 3133 plenum
894 3074 1262 3132 superaturam
1286 3078 1428 3119 esse.
1450 3064 1688 3128 Cumque
1712 3079 1859 3131 quaa-

1966 1876 2190 1945 singnlse
2220 1892 2309 1931 res
2338 1880 2553 1933 nomine
2579 1881 2994 1947 appellarentur,
3026 1884 3168 1950 regis
3198 1882 3461 1936 satellites
3482 1897 3543 1935 ac

1967 1965 2253 2034 stipatores
2301 1968 2720 2038 uniuscujusque
2764 1983 2956 2023 nomen
3001 1970 3362 2038 exponebant.
3408 1972 3542 2025 Cum

1969 2068 2145 2111 autem
2177 2061 2455 2115 mulierum
2488 2076 2681 2116 nomen
2709 2065 2846 2117 scire
2876 2071 3119 2131 cuperet,
3153 2071 3265 2117 tum
3297 2064 3436 2133 regis
3455 2078 3542 2117 ar-
3618 2114 3621 2119 .

1968 2151 2137 2219 miger
2161 2150 2337 2217 lepide
2364 2166 2427 2204 ac
2459 2150 2669 2217 festive,
2690 2142 2963 2208 daemones
2983 2168 3073 2208 eas
3099 2154 3362 2223 appellari
3384 2154 3540 2217 dixit,

1969 2254 1997 2291 a
2028 2240 2221 2307 quibus
2253 2243 2523 2296 hominum
2558 2253 2761 2298 mentes
2799 2245 2850 2298 in
2897 2259 3135 2299 errorem
3182 2247 3540 2299 traherentur.

1967 2330 2124 2385 Pueri
2154 2343 2330 2386 autem
2378 2344 2563 2401 pectus
2606 2348 2788 2388 earum
2836 2349 3018 2389 amore
3044 2345 3204 2403 atque
3251 2334 3541 2401 cupiditate

1966 2421 2332 2476 vehementius
2360 2438 2514 2491 quam
2558 2425 2714 2478 ullius
2738 2426 2872 2479 alius
2901 2425 2975 2479 rei
3004 2425 3272 2479 desiderio
3304 2426 3537 2480 illectum

1965 2527 2026 2566 ac
2047 2513 2324 2567 delinitum
2353 2524 2455 2567 est.
2479 2514 2610 2567 Cum
2641 2514 2801 2584 igitur
2828 2516 3074 2571 omnibus
3104 2516 3261 2569 rebus
3288 2530 3539 2584 peragra-

1967 2603 2033 2654 tis
2062 2605 2127 2654 ad
2159 2617 2333 2671 regem
2365 2617 2487 2657 eum
2526 2602 2899 2669 adduxissent,
2930 2618 2992 2659 ac
3022 2620 3113 2659 rex
3144 2620 3206 2658 ex
3251 2607 3370 2672 ipso
3388 2604 3540 2675 quid-

1963 2704 2086 2743 nam
2118 2706 2183 2744 ex
2214 2691 2459 2745 omnibus
2485 2691 2644 2747 rebus
2673 2708 2805 2762 quas
2834 2693 3057 2749 vidisset
3088 2694 3189 2761 ipsi
3214 2694 3382 2763 magis
3410 2696 3538 2749 arri.

1961 2781 2133 2848 deiet,
2161 2784 2492 2851 qna-sivisset
2516 2808 2530 2836 ς
2564 2785 2723 2851 Quid,
2754 2787 2943 2854 inquit,
2973 2786 3117 2842 aliud
3146 2802 3303 2856 quam
3334 2790 3536 2844 daemo-

1960 2887 2058 2929 nes
2102 2875 2174 2927 illi
2224 2875 2314 2944 qui
2358 2876 2600 2931 homines
2644 2878 2697 2931 in
2740 2874 2982 2933 fraudem
3026 2878 3320 2934 inducunt?
3357 2880 3536 2949 Neque

1960 2967 2102 3021 enim
2152 2969 2308 3022 ullius
2353 2970 2427 3022 rei
2479 2984 2545 3023 ex
2590 2970 2673 3023 his
2706 2971 2955 3025 omnibus
2983 2985 3115 3039 quas
3145 2971 3403 3026 hodierno
3449 2971 3537 3025 die

1962 3056 2066 3109 vidi
2098 3058 2317 3124 perinde
2349 3069 2507 3129 atque
2532 3072 2717 3113 eorum
2745 3074 2927 3115 amore
2954 3061 3162 3114 animus
3186 3076 3333 3115 meus
3355 3061 3536 3115 inccn-

284 3168 404 3206 nam
441 3154 530 3208 illa
558 3169 646 3208 ars
677 3164 819 3209 esset
839 3171 902 3210 ex
926 3170 991 3208 eo
1023 3156 1405 3218 sciscitaretur,
1437 3164 1547 3208 tum
1580 3153 1853 3219 Theudas,
1883 3136 1928 3197 Ο
1958 3165 2051 3207 sus
2079 3163 2178 3206 est.
2214 3155 2388 3222 Atque
2422 3153 2563 3206 hunc
2593 3154 2743 3222 pueri
2772 3168 3075 3208 sermonem
3110 3169 3202 3209 rex
3234 3155 3326 3208 ille
3360 3155 3536 3208 admi-

289 3253 538 3312 tanquam
565 3245 821 3298 novacula
848 3254 1001 3298 acuta
1021 3245 1199 3299 dolum
1222 3243 1853 3315 contexit(Psal.Lxxn),

283 3332 579 3398 callideque
627 3335 909 3401 pharmaca
969 3345 1264 3402 comparat.
1332 3337 1505 3404 Atque
1552 3334 1853 3402 improbam

285 3424 530 3477 technam
556 3461 572 3488 ,
627 3425 932 3494 diabolique
976 3427 1257 3480 consilium
1287 3468 1301 3489 ,
1331 3441 1514 3497 quaeso
1538 3467 1554 3493 ,
1589 3426 1852 3496 perspice.

284 3515 564 3580 Omnibus,
597 3517 787 3587 inquit,
815 3532 849 3571 ο
878 3534 993 3583 rex,
1046 3521 1133 3587 qui
1168 3519 1278 3573 lilio
1305 3526 1479 3573 astant
1499 3528 1658 3588 atque
1685 3520 1856 3574 inser-

282 3605 431 3660 viunt
456 3648 473 3672 ,
499 3608 569 3661 ab
596 3624 662 3662 eo
692 3610 879 3677 procul
908 3609 1188 3679 disjunctis
1212 3649 1227 3675 ,
1275 3611 1490 3678 pulchra
1517 3618 1571 3663 et
1601 3624 1851 3678 perquam

280 3698 508 3768 eleganti
565 3701 735 3755 forma
793 3701 1041 3770 prteditas
1072 3702 1341 3765 mulieres,
1379 3712 1537 3771 atque
1580 3704 1645 3757 ad
1706 3705 1855 3771 pelli-

278 3789 502 3845 ciendos
521 3793 731 3847 animos
758 3793 1064 3857 adornatas,
1098 3810 1219 3848 cum
1249 3809 1315 3848 eo
1345 3804 1603 3862 perpetuo
1629 3796 1853 3857 versari,

280 3883 490 3951 ipsique
536 3885 840 3940 ministrare
865 3925 881 3950 ,
912 3887 1144 3956 vittaque
1184 3889 1621 3943 consuetudinem
1643 3900 1696 3941 et
1726 3903 1855 3943 con-

279 3976 585 4030 tubernium
614 3993 735 4032 cunt
762 3994 828 4033 eo
858 3978 1057 4033 [rabere
1083 3978 1238 4049 jube.
1290 3981 1398 4050 Ego
1442 3990 1618 4035 autem
1653 3995 1761 4035 uno
1786 3996 1850 4036 ex

280 4066 344 4120 iis
372 4067 669 4136 spiritibus,
717 4084 851 4138 quos
893 4070 957 4125 ad
987 4085 1076 4125 res
1104 4070 1408 4139 hujusmodi
1434 4073 1763 4140 comparavi,
1786 4073 1853 4128 ad

276 4172 398 4211 eum
422 4167 609 4226 postea
638 4159 931 4222 submisso,
959 4162 1218 4229 acriorem
1244 4166 1529 4232 voluptatis
1562 4165 1737 4233 ignem
1762 4179 1856 4219 ex—

275 4247 470 4303 citabo.
498 4250 577 4303 Ae
597 4250 756 4305 simul
779 4258 940 4320 atque
964 4251 1049 4306 vel
1078 4268 1198 4307 cum
1240 4269 1345 4307 una
1390 4253 1502 4307 sola
1548 4254 1855 4321 hujusmodi

276 4340 589 4394 muliercula
636 4356 747 4396 rem
788 4342 1077 4410 habuerit,
1124 4343 1222 4397 nisi
1258 4343 1352 4397 tibi
1385 4344 1561 4398 omnia
1591 4358 1656 4399 ex
1689 4345 1853 4399 animi

275 4431 541 4485 sententia
573 4430 737 4486 fluant
760 4475 774 4497 ,
806 4434 905 4487 erit
929 4432 1039 4502 jam
1073 4449 1169 4488 cur
1196 4451 1281 4490 nte
1307 4444 1623 4490 contemnas
1648 4476 1664 4500 ,
1694 4446 1855 4505 atque

1959 3253 2105 3296 ratus
2146 3251 2249 3307 cst,
2280 3258 2553 3311 quamque
2594 3244 2827 3297 violenta
2872 3258 2934 3297 ac
2964 3246 3239 3315 tyrannica
3267 3261 3353 3301 res
3385 3245 3537 3301 lenii-

1958 3349 2144 3388 narnm
2176 3350 2329 3389 amor
2351 3346 2514 3400 esset,
2543 3336 2666 3390 hinc
2693 3336 2971 3405 judicavit.
3016 3337 3276 3405 Quocirca
3320 3350 3372 3393 tu
3398 3356 3534 3408 qum

1956 3440 2060 3493 que
2090 3441 2193 3479 non
2222 3426 2323 3480 ulla
2357 3426 2458 3481 alia
2489 3427 2699 3482 ratione
2727 3443 2882 3497 quam
2908 3429 3005 3482 ista
3036 3438 3086 3483 te
3116 3429 3283 3485 filium
3309 3441 3455 3487 tuum
3483 3433 3533 3486 in

1959 3524 2270 3584 potestatem
2302 3516 2641 3571 redacturum
2679 3522 2851 3586 putes.

2031 3607 2137 3661 ltex
2169 3609 2271 3663 hoc
2292 3608 2575 3661 consilium
2593 3611 2812 3677 exeipit,
2833 3620 2993 3678 atque
3017 3613 3298 3665 confesrim
3325 3614 3391 3666 ad
3413 3626 3535 3669 eum

1957 3698 2179 3754 delecta:
2209 3698 2399 3767 puellm
2428 3701 2701 3769 praestanti
2744 3711 2901 3769 atque
2931 3704 3143 3772 egregia
3178 3702 3345 3756 forma
3375 3703 3532 3758 indu-

1958 3799 2171 3847 cuntur.
2208 3791 2352 3857 Quas
2388 3792 2547 3847 etiam
2579 3806 2701 3845 cum
2751 3793 2864 3862 ipse
2911 3794 3146 3862 eleganti
3177 3806 3370 3850 ornatu
3417 3796 3537 3851 illu-

1957 3892 2200 3945 strasset,
2235 3892 2398 3951 atque
2421 3883 2641 3939 omnino
2672 3882 2735 3937 ad
2769 3883 3139 3951 pelliciendum
3166 3884 3381 3954 juvenis
3423 3888 3538 3940 ani-

1959 3991 2102 4031 mum
2131 3976 2493 4041 instruxisset,
2513 3990 2700 4031 omnes
2728 3977 2896 4044 ipsius
2925 3976 3155 4031 famulos
3181 3984 3236 4030 et
3265 3979 3537 4034 ministros

1957 4087 1989 4125 e
2031 4069 2226 4139 palatio
2257 4068 2423 4137 ejicit.
2476 4083 2674 4137 easque
2716 4068 2768 4122 in
2814 4083 2999 4125 eorum
3030 4069 3204 4125 locum
3241 4069 3536 4127 substituit.

1961 4160 2052 4214 lla:
2082 4161 2255 4230 itaque
2294 4159 2394 4229 ipsi
2423 4161 2654 4230 undique
2689 4160 2997 4227 haerebant,
3026 4176 3257 4229 eumque
3296 4165 3537 4230 comple-

1958 4251 2261 4315 ctebautur,
2290 4260 2449 4319 atque
2474 4251 2538 4304 ad
2568 4251 2824 4306 nefarium
2851 4252 3191 4308 concubitum
3223 4254 3536 4309 cxstimuLi-

1960 4339 2107 4405 bant,
2140 4355 2235 4408 per
2259 4354 2447 4394 omnes
2478 4341 2727 4396 videlicet
2768 4352 2949 4410 gestus
2974 4358 3037 4397 ac
3061 4357 3341 4397 sermones
3362 4344 3543 4411 ipsum

1959 4430 2025 4484 ad
2074 4431 2396 4498 voluptatem
2439 4443 2813 4499 provocantes.
2855 4431 3134 4487 Neminem
3179 4432 3338 4485 alium
3374 4433 3536 4487 habe-

276 4528 333 4573 nt
361 4522 565 4575 nullius
592 4539 718 4577 usus
748 4524 1039 4589 hominem,
1072 4540 1176 4578 non
1222 4526 1535 4592 honoribus,
1568 4527 1658 4580 sed
1685 4528 1851 4580 maxi-
1882 4508 1934 4568 Π
1959 4524 2048 4577 bat
2097 4538 2254 4592 quem
2311 4525 2684 4592 conspiceret,
2760 4539 2880 4577 eum
2929 4537 3035 4591 quo
3099 4522 3533 4591 colloqueretur,

275 4612 374 4665 mis
402 4612 683 4681 suppliciis
709 4611 1048 4668 afficiendum
1087 4615 1271 4668 ducas.
1298 4616 1438 4669 Nihil
1470 4617 1612 4669 enim
1644 4631 1850 4671 mascu-

274 4702 448 4757 lorum
490 4705 699 4758 animos
735 4705 953 4773 perinde
984 4706 1201 4760 allicere
1222 4722 1284 4761 ac
1327 4706 1634 4762 demulcere
1688 4710 1845 4773 solet,

273 4805 327 4846 ut
356 4794 672 4848 feminarum
702 4804 1039 4864 conspectus.
1072 4798 1245 4866 Atque
1270 4806 1326 4851 ut
1349 4801 1689 4853 sermonibus
1713 4802 1848 4854 meis

272 4883 429 4939 fidem
459 4885 736 4947 adhibeas,
764 4886 1039 4940 historiam
1075 4888 1211 4942 hanc
1236 4889 1397 4943 velim
1427 4890 1630 4944 audias.

336 4973 466 5028 CAP.
512 4975 680 5029 XXX.
720 5006 792 5019 —
830 4976 940 5030 Rex
988 4978 1200 5046 quidam
1250 4994 1368 5033 cum
1424 4996 1655 5035 mascna
1700 4982 1850 5049 prole

268 5074 480 5117 careret
511 5065 857 5121 vehementer
884 5067 1061 5119 animo
1090 5069 1403 5138 angebatur,
1456 5085 1683 5139 eamque
1709 5073 1850 5125 cala-

268 5156 509 5209 mitatem
541 5155 677 5209 haud
725 5170 939 5223 parvam
988 5158 1348 5212 existimabat.
1385 5159 1497 5214 lloc
1526 5160 1685 5229 igitur
1730 5176 1851 5216 eum

267 5255 411 5299 statu
458 5256 623 5312 esset,
673 5247 839 5303 ﬁlium
889 5248 942 5301 in
996 5250 1164 5303 lucem
1209 5251 1396 5315 edidit,
1436 5266 1608 5321 eoque
1639 5255 1851 5309 nomine

267 5351 478 5391 summa
527 5341 797 5407 voluptate
824 5338 1072 5407 perfusus
1106 5354 1208 5393 esu
1243 5342 1508 5397 Dixerunt
1559 5356 1736 5398 autem
1782 5347 1849 5401 ad

265 5444 388 5483 eum
436 5431 629 5484 eruditi
670 5432 886 5500 quidam
937 5434 1150 5501 medici,
1205 5434 1322 5490 fere
1374 5448 1429 5490 ut
1477 5440 1519 5492 si
1550 5454 1683 5507 puer
1708 5440 1848 5494 intra

267 5519 548 5575 duodecim
602 5537 769 5577 annos
811 5525 976 5579 solem
1025 5535 1118 5581 aut
1146 5526 1318 5595 ignem
1371 5529 1593 5592 videret,
1646 5530 1845 5585 lumine

268 5623 487 5678 prorsus
531 5612 829 5679 orbaretur,
880 5616 927 5670 id
967 5616 1108 5671 enim
1148 5634 1212 5672 ex
1240 5619 1512 5674 oculorum
1542 5620 1710 5689 ipsius
1739 5622 1842 5677 situ

268 5702 554 5773 designari.
582 5704 709 5771 Qua:
739 5720 858 5759 cum
890 5714 1037 5774 pater
1057 5707 1310 5779 audisset,
1345 5709 1646 5767 cubiculum
1672 5712 1841 5781 quod—

1952 4624 2044 4669 aut
2099 4624 2355 4678 cmnaret,
2408 4616 2537 4683 ipsa:
2581 4615 2721 4668 enim
2770 4612 2947 4666 omnia
2999 4612 3097 4681 ipsi
3132 4620 3313 4666 erant.
3361 4616 3536 4680 Atque

1953 4706 2065 4760 haec
2096 4706 2310 4775 quidem
2342 4720 2433 4760 rex
2477 4705 2719 4759 faciebat.
2750 4703 2999 4757 Theudas
3028 4711 3203 4756 autem
3230 4718 3438 4756 rursum
3468 4703 3535 4757 ad

1954 4798 2254 4865 pestiferam
2284 4810 2432 4849 suam
2461 4796 2771 4863 speluncam
2802 4793 3091 4862 profectus,
3122 4792 3291 4847 libros
3317 4807 3407 4860 qut
3440 4807 3529 4846 res

1954 4888 2294 4957 hujusmunili
2321 4888 2538 4941 efﬁcere
2565 4895 2827 4955 poterant.
2857 4884 2909 4938 in
2950 4899 3136 4938 manus
3157 4885 3351 4947 sumit;
3397 4898 3530 4939 evo-

1950 4993 2233 5049 catumque
2255 4994 2415 5033 unum
2444 4994 2508 5031 ex
2534 4978 2790 5046 improbis
2813 4977 3088 5045 spiritibus
3118 4975 3185 5029 ad
3210 4973 3407 5030 ChriSti
3432 4978 3505 5031 toi

1956 5072 2102 5126 litem
2132 5071 2269 5126 bello
2294 5068 2655 5123 lacessendum
2684 5068 2900 5131 emittit,
2936 5065 3184 5119 nesciens
3211 5065 3532 5120 scilicetmi-

1954 5178 2043 5217 ser
2067 5163 2159 5217 ille
2183 5171 2442 5230 quantum
2472 5158 2557 5213 sui
2586 5159 2751 5213 risum
2791 5158 3143 5221 excitaturus,
3168 5166 3527 5226 quantamque

1954 5253 2112 5307 simul
2159 5266 2278 5305 cum
2312 5252 2559 5303 universa
2596 5264 2689 5301 sua
2737 5246 3000 5301 diabolica
3048 5246 3268 5301 cohorte
3298 5246 3532 5302 infamia:

1954 5353 2134 5398 notam
2157 5343 2427 5397 subiturus
2454 5350 2616 5395 esset.
2641 5338 2917 5406 Improbus
2942 5346 3121 5393 autem
3145 5338 3385 5407 spiritus,
3410 5342 3527 5393 aliis

1955 5437 2170 5504 insuper
2214 5433 2560 5503 nequioribns
2599 5429 2874 5498 Spiritibus
2917 5431 3230 5497 assumptis,
3260 5430 3325 5484 ad
3357 5446 3521 5501 gene-

1962 5525 2071 5581 rosi
2123 5523 2482 5579 adolescentis
2524 5522 2827 5577 cubiculum
2857 5534 2915 5574 se
2944 5519 3172 5584 confert,
3210 5520 3261 5574 in
3293 5535 3521 5587 eumque

1955 5619 2209 5686 impetum
2257 5618 2407 5679 facit,
2468 5614 2983 5671 iebctnentissimam
3032 5615 3207 5668 carnis
3256 5612 3523 5669 fornacem

1955 5711 2303 5769 succendens.
2336 5716 2411 5767 Ac
2457 5709 2699 5767 diabolus
2724 5706 2936 5778 quidem
2970 5708 3200 5762 internas
3229 5704 3328 5775 ipsi
3368 5705 3518 5759 llam-
