4010 6236
514 321 621 382 1563

1543 332 1628 390 DE
1668 332 1848 391 VITIS
1892 330 2171 389 PATRUM
2216 331 2415 388 LIBER
2459 329 2733 388 PRIMUS.

3652 333 3752 387 εει

510 451 626 493 mas
653 438 997 505 admovebat,
1030 441 1219 510 puellm
1247 450 1448 507 autem,
1472 453 1530 497 ut
1558 445 1800 513 corporis
1840 443 2071 513 pulchri-
2106 448 2147 502 Α
2249 443 2326 495 Ad
2350 443 2599 510 juvenem
2624 441 2765 495 enim
2792 454 2855 495 ex
2895 440 3082 508 puellit
3116 440 3221 494 illis
3257 454 3360 499 una
3388 442 3632 496 omnium
3657 446 3755 498 for-

510 528 691 583 tndine
718 527 973 598 insignes,
1005 532 1084 587 sic
1109 533 1289 587 animo
1324 532 1591 587 deformes
1623 534 1918 602 improbam
1964 547 2076 587 ma-

513 622 696 675 teriam
723 631 947 679 externe
974 625 1405 693 suppeditabant.

582 717 648 766 At
676 728 803 767 vero
834 731 961 783 pura
991 717 1079 768 illa
1111 717 1287 769 anima
1321 715 1555 782 pestiferi
1583 716 1801 784 spiritus
1821 715 2077 781 impetum

510 816 683 870 agnos
696 817 825 869 'ens,
842 818 902 857 ac
918 812 1300 873 praeposterum
1320 804 2078 873 cogitationumltellum,quod

510 908 699 962 magno
725 908 787 946 ac
827 896 1122 947 vehementi
1149 893 1312 963 314
1350 894 1629 947 adversum
1655 910 1712 946 se
1754 902 1950 959 tmpetu
1988 908 2078 945 ve-

510 983 709 1049 niebat,
737 985 1093 1051 conspiciens,
1123 983 1552 1050 perturbabatur,
1577 991 1831 1052 tantoque
1854 984 1992 1036 malo
2017 983 2080 1035 li-

509 1072 705 1135 berari,
741 1087 1036 1140 purumque
1082 1088 1201 1127 sese
1240 1071 1453 1127 Chr:sto
1493 1073 1744 1128 exhibere
1790 1074 2035 1142 cuptebat
2061 1114 2075 1137 ,

508 1175 606 1214 nec
633 1172 869 1214 sanctam
904 1162 1044 1215 illam
1088 1165 1303 1229 stolam,
1333 1179 1435 1231 qua
1464 1180 1585 1217 eum
1633 1165 1878 1232 baptismi
1907 1166 2077 1233 gratia

507 1253 772 1315 induerat,
799 1252 1036 1307 libidinis
1062 1268 1216 1308 emno
1244 1258 1627 1309 contaminare.
1661 1254 1949 1309 Confestim
1979 1256 2079 1309 ita-

506 1356 609 1411 que
651 1342 819 1395 amori
850 1357 1111 1407 amorem,
1157 1342 1257 1397 hoc
1308 1354 1388 1398 est
1417 1345 1685 1412 impudico
1713 1344 1949 1414 djvinum
1982 1360 2075 1413 op-

505 1434 673 1501 ponit,
705 1433 912 1504 sibique
943 1434 1388 1504 pulchritudinem
1417 1438 1560 1490 illam
1594 1452 1655 1491 ac
1684 1437 1905 1505 gloriam
1930 1439 2076 1491 omni

508 1540 756 1580 sermone
780 1526 1229 1595 prastanliorem,
1249 1544 1404 1596 quam
1430 1544 1574 1597 purae
1595 1530 1784 1583 animae
1804 1530 1855 1582 in
1879 1528 2075 1583 Christi

501 1619 684 1685 sponsi
717 1621 933 1689 nuptiis,
960 1636 1026 1676 ex
1066 1622 1257 1690 quibus
1296 1623 1371 1675 illi
1398 1623 1484 1691 qui
1518 1622 1807 1690 nuptialem
1843 1624 2073 1677 tunicam

500 1710 906 1778 conspurcarint
947 1711 1245 1779 ejicientur,
1278 1714 1573 1781 vinclisque
1618 1713 1861 1767 manibus
1890 1722 1944 1767 et
1985 1728 2075 1781 pe-

2184 534 2482 587 mosissima
2508 532 2822 600 ingreditur,
2848 546 2968 599 quae
2997 530 3155 585 etiam
3180 532 3317 601 regis
3338 532 3616 599 cujusdam
3648 536 3755 588 lilia

2182 634 2314 689 erat,
2345 624 2660 692 captivaque
2686 638 2713 675 a
2740 624 2906 691 patria
2935 636 3029 675 sua
3051 621 3304 686 abducta,
3330 623 3443 690 regi
3481 623 3757 689 Abenuer,

2183 713 2604 781 prestantissimi
2631 711 2905 781 cujusdam
2937 715 3170 765 muneris
3220 713 3411 779 instar,
3444 713 3620 767 oblata
3649 715 3755 769 fue-

2181 811 2262 856 rat
2292 819 2305 855 :
2335 818 2490 870 quam
2515 813 2683 870 pater,
2714 812 2769 856 ut
2790 803 2987 857 eximia
3015 804 3415 871 pulchritudine
3444 806 3745 874 praeditam,

2180 894 2247 946 ad
2278 891 2699 947 labefactandum
2727 907 2788 946 ac
2813 892 3168 960 dejiciendum
3203 893 3296 947 filii
3327 892 3562 947 animum
3596 895 3757 949 mise-

2183 992 2280 1036 rat.
2318 983 2465 1036 llanc
2507 983 2763 1050 impostor
2792 982 2881 1036 ille
2907 982 3070 1045 subit,
3119 984 3327 1052 ipsique
3353 984 3620 1053 ejusmodi
3657 998 3758 1039 ser-

2182 1088 2370 1128 mones
2394 1073 2631 1142 suggerit
2658 1074 2744 1140 qui
2779 1073 2941 1126 animi
2990 1075 3154 1141 ipsius
3200 1073 3539 1142 prudentiam
3582 1089 3644 1127 ac
3673 1091 3757 1129 sa-

2182 1164 2433 1232 pientiam
2475 1165 2753 1231 perspicue
2792 1165 3151 1230 declararent,
3203 1164 3468 1233 siquidem
3512 1165 3754 1221 diabolus

2181 1269 2368 1307 omnes
2396 1254 2459 1306 ad
2487 1244 2671 1306 vitium
2696 1255 3126 1307 accommodatas
3150 1263 3294 1307 artes
3319 1254 3475 1308 facile
3502 1269 3567 1308 ac
3589 1270 3765 1323 prorn-

2179 1352 2267 1409 pte
2287 1350 2523 1396 exercet.
2554 1341 2851 1411 Posteaque
2879 1344 3019 1411 regis
3043 1343 3209 1395 filium
3233 1358 3264 1395 a
3284 1343 3489 1398 dextris
3514 1343 3750 1410 adortus,

2181 1432 2367 1499 puellm
2392 1445 2630 1485 amorem
2672 1431 2769 1500 ipsi
2821 1432 3026 1495 inserit,
3056 1432 3124 1484 ob
3152 1431 3323 1500 ipsius
3354 1432 3604 1487 videlicet
3634 1448 3755 1501 pru-

2180 1519 2413 1575 dentiam
2442 1528 2492 1574 et
2524 1520 2859 1589 gravitatem,
2893 1528 3050 1588 atque
3090 1520 3251 1572 etiam
3276 1520 3347 1573 ob
3372 1535 3489 1574 eam
3514 1536 3752 1583 causam,

2178 1610 2319 1679 quod
2341 1624 2462 1665 cum
2495 1625 2554 1664 ea
2576 1609 2852 1663 nobilitate
2868 1618 3030 1674 esset,
3055 1615 3215 1676 atque
3237 1625 3267 1661 e
3290 1609 3433 1678 regia
3457 1609 3623 1677 stirpe
3647 1626 3756 1678 pro.

2177 1704 2382 1771 diisset,
2429 1704 2596 1773 patria
2639 1712 2815 1757 tamen
2839 1704 2997 1755 simul
3047 1717 3110 1756 ac
3154 1702 3322 1769 gloria
3369 1703 3552 1756 orbata
3583 1714 3746 1758 esset.

500 1800 657 1854 dibus
704 1801 757 1854 iu
810 1803 1103 1857 exteriores
1132 1806 1380 1858 tenebras
1426 1805 1823 1871 prOIrudentur,
1869 1804 2071 1857 habita-
2101 1792 2151 1853 B
2176 1794 2256 1848 Ad
2279 1794 2391 1847 haec
2422 1792 2725 1858 huiusmodi
2749 1807 2961 1861 quoque
2992 1792 3342 1859 cogitationes
3373 1792 3473 1861 ipsi
3497 1794 3750 1853 subserit.

498 1895 633 1943 tura:
668 1897 793 1943 sunt
819 1889 1031 1961 (Matth.
1058 1894 1212 1960 xm),
1246 1894 1295 1944 in
1341 1895 1651 1947 memoriam
1682 1901 1916 1946 revocat.
1948 1893 2070 1945 Hmc

496 1993 615 2031 cum
635 1978 813 2033 animo
841 1994 938 2033 suo
956 1981 1322 2045 considerans,
1359 1991 1412 2035 et
1436 1984 1695 2051 lacrymas
1719 1985 2063 2051 profundens,

497 2078 684 2139 pectus
712 2071 1046 2137 verberabat,
1088 2074 1357 2140 improbas
1387 2073 1505 2126 illas
1532 2074 1918 2143 cogitationes,
1963 2087 2067 2126 non

495 2176 650 2216 secus
687 2177 749 2217 ac
797 2163 944 2218 fucos
974 2164 1227 2233 quosdam
1281 2166 1331 2219 in
1361 2164 1541 2235 fugam
1584 2175 1819 2221 vertens.
1872 2165 2070 2220 Deinde

495 2266 736 2319 surgens,
769 2268 831 2307 ac
858 2270 1046 2308 manus
1090 2256 1365 2323 attollens,
1390 2256 1687 2310 calentibus
1718 2255 1968 2324 lacrymis
2006 2270 2069 2309 ac

494 2343 780 2411 gemitibus
806 2345 893 2397 Dei
927 2358 1083 2412 opem
1129 2353 1289 2413 atque
1318 2345 1573 2400 auxilium
1598 2344 1936 2415 implorabat,
1978 2344 2069 2399 iis-

494 2446 595 2500 que
626 2432 802 2486 verbis
826 2432 1073 2487 utebatur
1099 2452 1110 2486 :
1144 2435 1495 2501 Omnipotens
1528 2436 1769 2501 Domine,
1802 2435 1892 2503 qui
1922 2438 2068 2489 solus

494 2522 694 2575 viribus
723 2522 908 2589 polles,
945 2532 1102 2591 atque
1133 2522 1198 2575 ad
1231 2523 1649 2577 misericordiam
1694 2525 1949 2592 proclivis
1984 2539 2065 2589 es,

494 2611 741 2677 Domine,
789 2613 1032 2681 inquam,
1072 2629 1195 2682 spes
1222 2614 1626 2682 deSperatorum
1655 2625 1710 2669 et
1749 2630 1933 2669 eorum
1979 2617 2066 2684 qui

494 2702 695 2754 auxilio
726 2716 932 2766 carent,
982 2704 1106 2765 mei,
1138 2718 1340 2772 qumsn,
1394 2704 1598 2771 inutilis
1640 2706 1714 2758 tui
1748 2707 1883 2758 servi
1927 2720 2067 2759 nunc

492 2789 790 2857 recordare,
838 2791 1083 2861 facilique
1122 2808 1184 2847 ac
1223 2793 1455 2862 propitio
1505 2796 1661 2847 oculo
1703 2810 1787 2848 me
1833 2795 2063 2859 intuere,

488 2883 821 2952 animamque
863 2899 1035 2939 meam
1071 2900 1101 2938 a
1148 2885 1405 2939 diabolica
1455 2886 1651 2939 framea
1679 2887 1846 2955 eripe.
1893 2903 1955 2941 ac
2000 2888 2067 2941 de

492 2989 646 3026 manu
674 2973 817 3029 canis
849 2975 1057 3029 unicam
1091 2992 1285 3039 meam,
1318 2992 1414 3031 nec
1442 2992 1526 3031 me
1557 2978 1606 3029 in
1642 2976 1874 3030 hostium
1915 2992 2063 3032 meo-

492 3078 605 3117 rum
637 3080 825 3120 manus
854 3066 1090 3120 incidere
1120 3068 1395 3135 permittas
1427 3065 1600 3137 (Psal.
1636 3067 1769 3135 xxi).
1817 3068 1931 3120 Non
1983 3084 2067 3121 su-

2176 1893 2233 1937 ut
2253 1900 2370 1938 eam
2394 1884 2459 1935 ab
2483 1884 2671 1935 insano
2704 1884 2968 1935 idolorum
3015 1882 3162 1935 cultu
3192 1881 3459 1945 liberaret,
3486 1882 3749 1936 Christia-

2175 1990 2403 2043 namque
2428 1973 2685 2028 efﬁceret.

2244 2066 2367 2120 llaec
2394 2074 2569 2119 autem
2605 2066 2780 2118 omnia
2813 2064 3013 2118 versuti
3036 2064 3279 2118 draconis
3327 2065 3531 2117 technae
3566 2077 3748 2120 erant.

2170 2156 2300 2210 Nam
2331 2171 2450 2211 cum
2497 2155 2639 2226 regis
2682 2155 2821 2208 filius
2849 2154 3027 2207 animo
3052 2155 3121 2208 ita
3152 2166 3492 2222 comparatus
3536 2165 3591 2209 et
3619 2170 3751 2210 con-

2172 2250 2388 2303 stitutus
2414 2258 2576 2313 esset,
2621 2256 2680 2301 ut
2702 2247 2901 2300 nullam
2936 2247 3223 2301 obscenam
3254 2247 3634 2315 c0gitationem
3662 2257 3752 2300 aut

2171 2340 2508 2394 libidinosum
2530 2353 2767 2393 amorem
2784 2338 2847 2391 ad
2880 2338 3105 2405 puellam
3131 2338 3468 2394 vacillantem
3496 2339 3550 2392 in
3573 2340 3751 2406 seipso

2170 2429 2526 2499 perspiceret,
2572 2442 2757 2482 verum
2802 2428 2970 2495 ipsius
2998 2428 3254 2481 duntaxat
3300 2428 3608 2482 calamitate
3637 2429 3751 2481 ani-

2170 2534 2375 2588 matque
2405 2519 2569 2573 exitio
2597 2532 2657 2571 se
2686 2519 3015 2571 commoveri
3044 2521 3294 2583 sentiret,
3327 2534 3440 2573 rent
3467 2518 3604 2572 hanc
3636 2519 3751 2571 dia-

2169 2610 2397 2663 bolicum
2436 2620 2795 2663 commentum
2837 2622 2956 2662 esse
3010 2608 3232 2663 minime
3263 2610 3749 2663 animadvertebat.

2166 2699 2437 2769 Siquidem
2486 2713 2672 2753 revera
2715 2699 2885 2767 caligo
2913 2699 3002 2753 ille
3032 2709 3134 2764 est,
3166 2714 3225 2754 ac
3261 2701 3434 2755 lucem
3466 2700 3750 2755 assimilat.

2168 2788 2234 2844 Ut
2264 2789 2404 2843 enim
2433 2790 2572 2858 regis
2602 2788 2741 2842 filius
2765 2790 2994 2859 puellam
3025 2790 3219 2858 alloqui
3243 2790 3549 2860 divinaeque
3569 2792 3751 2861 cognio

2167 2878 2329 2932 tionis
2364 2880 2576 2933 oracula
2624 2879 2721 2946 ipsi
2752 2894 3023 2947 exponere
3072 2882 3236 2947 cmpit
3280 2898 3291 2933 :
3350 2883 3619 2949 Agnosce,
3676 2884 3751 2935 in-

2164 2970 2374 3036 quiens,
2417 2984 2450 3022 o
2490 2970 2714 3034 mulier‘,
2760 2969 2925 3023 Deum
2973 2972 3023 3022 in
3070 2985 3231 3024 omne
3257 2986 3427 3024 aevum
3458 2972 3750 3035 visentem,

2165 3074 2264 3114 nec
2294 3071 2345 3113 te
2373 3059 2635 3113 idolorum
2686 3075 2870 3113 errore
2913 3061 3144 3116 detineri
3171 3062 3308 3127 sine,
3342 3078 3523 3115 verum
3572 3063 3752 3116 Domi-

492 3156 992 3222 pergaudeantmihi
1015 3157 2049 3227 quioderunttneiniqtte(Psal.xxx1v);
2083 3160 2127 3220 C
2160 3169 2283 3209 num
2317 3168 2496 3207 rerum
2536 3153 2776 3207 omnium
2823 3154 3137 3209 effectorem
3190 3156 3445 3225 intellige,
3494 3170 3559 3209 ac
3595 3157 3751 3210 beate

492 3260 589 3300 nec
632 3261 717 3301 me
748 3248 799 3301 in
843 3247 1211 3316 iniquitatibus
1250 3250 1520 3313 corrumpi
1568 3250 1731 3313 sinas,
1765 3264 2062 3317 corpusque

492 3352 685 3401 meum,
719 3338 859 3405 quod
892 3338 986 3392 tibi
1013 3351 1216 3392 casmnt
1241 3339 1495 3393 exhibere
1520 3339 1762 3407 promisi,
1798 3339 1989 3407 probro
2011 3347 2064 3391 et

491 3427 811 3482 contumelia
833 3427 1068 3481 allicere.
1092 3429 1167 3483 Te
1183 3429 1321 3481 enim
1338 3411 1678 3498 coﬁcnpisco,
1698 3438 1855 3495 teque
1874 3430 2060 3493 adcro,

489 3516 717 3582 Patrem,
745 3527 799 3572 et
827 3517 1038 3583 Filium,
1071 3528 1122 3573 et
1156 3520 1412 3587 Spiritum
1440 3531 1678 3574 sanctum
1699 3562 1713 3585 ,
1744 3519 1796 3573 in
1839 3522 2056 3575 saecula.

555 3610 793 3680 Cumque
832 3609 1001 3665 Amen
1028 3610 1410 3679 subjunxisset,
1457 3611 1688 3664 divinam
1735 3613 2057 3666 consolatio-

488 3719 607 3759 nem
634 3705 847 3762 coalitus
870 3704 982 3773 ipse
1007 3705 1105 3757 sibi
1136 3705 1386 3757 advenire
1404 3703 1592 3764 sensit.
1614 3714 1774 3773 atque
1804 3704 2061 3772 improbzc

487 3795 834 3864 cogitationes
864 3810 983 3849 sese
1011 3794 1403 3850 subduxerunt.
1440 3794 1555 3863 lpse
1582 3804 1759 3848 autem
1789 3796 1853 3847 ad
1891 3806 2053 3847 matu-

484 3884 649 3937 tinum
692 3899 863 3951 usque
908 3892 1117 3950 tempus
1153 3882 1204 3934 in
1250 3883 1498 3950 precibus
1530 3883 1799 3950 perstitit;
1854 3884 2058 3936 intelle-

484 3974 691 4041 ctisque
720 3972 1019 4039 versipellis
1052 3972 1218 4025 hostis
1249 3973 1459 4027 technis
1486 3987 1645 4040 aique
1676 3975 1900 4037 artibus,
1940 3991 2055 4025 Cor-

487 4076 587 4130 pus
615 4077 768 4114 suum
814 4069 922 4115 tum
972 4062 1077 4117 cibi
1119 4064 1357 4131 penuria,
1393 4073 1501 4118 tum
1532 4065 1617 4118 siti
1668 4065 1890 4133 aliisque
1931 4066 2061 4118 afili-

482 4154 721 4205 ctionum
769 4152 1052 4221 generibus
1101 4169 1343 4220 premere
1391 4154 1585 4223 coepit,
1616 4155 1667 4208 in
1733 4155 2059 4208 orationibus

483 4252 668 4299 erecto
696 4259 921 4312 corpore
951 4255 1291 4313 pernoctans,
1319 4248 1526 4316 sibique
1553 4247 1651 4316 ipsi
1682 4257 1831 4315 pacta
1856 4263 1915 4303 ea
1941 4263 2058 4316 qua:

482 4349 602 4389 cum
634 4335 742 4390 Deo
772 4335 963 4388 inierat
995 4338 1046 4389 in
1098 4338 1407 4391 memoriam
1439 4338 1718 4403 reducens,
1751 4350 1911 4407 atque
1947 4350 2056 4392 tum

482 4440 665 4479 eorum
697 4427 783 4494 qui
826 4427 1085 4494 justitiam
1136 4429 1401 4483 coluerint
1445 4429 1681 4482 futurum
1711 4430 2051 4498 splendorem

2165 3246 2291 3309 eris,
2334 3243 2619 3299 immortali
2664 3258 2861 3312 sponso
2909 3245 3192 3314 adjuncta;
3246 3246 3433 3310 multa,
3490 3247 3751 3313 inquam.

2164 3339 2423 3408 ejusmodi
2454 3352 2574 3392 cum
2607 3339 2720 3407 ipse
2740 3338 2988 3405 dixisset,
3020 3342 3199 3394 statim
3227 3342 3504 3409 improbus
3529 3342 3753 3411 spiritus

2163 3431 2373 3485 mulieri
2419 3431 2471 3483 in
2505 3440 2738 3485 mentem
2770 3433 3028 3497 immittit,
3073 3444 3130 3486 ut
3174 3432 3373 3487 fraudis
3404 3434 3625 3503 laqueos
3650 3450 3751 3489 ex-

2166 3522 2404 3589 plicaret,
2438 3535 2500 3576 ac
2545 3520 2653 3575 Deo
2681 3525 2898 3575 charam
2948 3524 3094 3577 illam
3125 3525 3354 3578 animam
3396 3525 3462 3577 ad
3518 3525 3753 3579 libidinis

2164 3611 2371 3666 foveam
2401 3613 2732 3680 prmcipitem
2764 3614 3026 3677 traheret,
3070 3614 3520 3681 quemadmodum
3559 3615 3747 3668 videli-

2162 3713 2245 3759 cet
2274 3703 2400 3757 olim
2428 3704 2639 3774 generis
2670 3703 2886 3758 humani
2932 3715 3206 3759 auctorem
3242 3707 3360 3758 Eva;
3402 3720 3571 3773 opera
3598 3722 3628 3759 e
3663 3722 3751 3772 pa-

2164 3796 2342 3850 radiso
2373 3809 2434 3849 ac
2478 3796 2586 3850 Deo
2617 3797 2809 3850 misere
2857 3797 3270 3863 exterminavit,
3305 3812 3533 3866 eumque
3580 3799 3751 3852 beata:

2162 3895 2323 3953 atque
2347 3884 2667 3939 immortalis
2691 3883 2812 3937 vitm
2836 3884 2957 3938 loco
2985 3886 3141 3940 morti
3164 3884 3385 3939 addixit.

2236 3976 2585 4045 Posteaquam
2617 3976 2777 4044 igitur
2799 3976 2970 4043 puella
2994 3977 3155 4030 verba
3184 3976 3270 4030 illa
3300 3976 3447 4029 omni
3481 3976 3748 4044 sapientia

2162 4068 2355 4123 referta
2403 4067 2628 4130 audivit,
2662 4080 2758 4134 pro
2804 4080 2898 4121 sua
2930 4066 3152 4120 stultitia
3197 4082 3258 4120 ca
3299 4082 3403 4120 non
3454 4066 3746 4125 intellexit.

2163 4174 2345 4213 verum
2374 4156 2676 4226 hujusmodi
2707 4168 3020 4222 reSponsum
3052 4156 3240 4219 edidit,
3272 4156 3431 4225 quale
3464 4156 3529 4207 ab
3575 4170 3636 4208 ea
3661 4154 3749 4211 edi

2161 4261 2581 4306 consentaneum
2626 4250 2785 4321 315
2812 4260 2949 4314 erat,
2991 4267 3108 4317 qua!
3154 4252 3349 4305 diaboli
3383 4252 3558 4318 lingua
3585 4260 3749 4318 atque

2162 4357 2222 4395 os
2248 4353 2399 4404 erat;
2453 4343 2631 4409 aitque
2682 4358 2694 4391 :
2749 4342 2800 4393 Si
2847 4342 3038 4393 salutis
3082 4358 3238 4405 mem,
3288 4361 3318 4391 n
3346 4343 3584 4405 domine,
3616 4358 3745 4396 cura

2162 4433 2417 4499 tangeris,
2447 4446 2509 4484 ac
2559 4447 2646 4483 me
2678 4431 2787 4484 Deo
2814 4444 2904 4483 tuo
2930 4432 3242 4496 conciliare,
3274 4432 3603 4501 altjectazque
3629 4432 3746 4485 ani-

484 4518 665 4568 animo
713 4524 769 4569 et
816 4518 1136 4586 cogitatione
1170 4517 1483 4581 infortnans,
1535 4528 1645 4571 tum
1692 4519 2054 4573 denuntatam
2087 4519 2137 4577 D
2166 4540 2418 4578 inminet:
2449 4523 2674 4577 salutem
2724 4523 2918 4577 afferre
2961 4525 3164 4588 studes,
3212 4524 3369 4578 factu
3397 4540 3610 4593 quoque
3655 4524 3744 4577 uni

482 4607 738 4674 improbis
761 4608 1057 4674 gehennam
1084 4618 1266 4678 aperte
1298 4610 1397 4662 sibi
1417 4610 1485 4663 ob
1514 4610 1700 4663 oculos
1732 4626 2057 4676 proponens.

481 4697 634 4765 Quod
663 4698 866 4752 scilicet
892 4714 952 4751 ea
984 4697 1050 4753 de
1074 4712 1234 4751 causa
1271 4698 1495 4753 faciebat
1526 4716 1591 4751 ue
1616 4698 1784 4753 hostis
1828 4700 2056 4752 inertem

479 4807 541 4846 ac
569 4791 796 4846 solutam
830 4793 996 4861 ipsius
1037 4794 1266 4846 animam
1299 4804 1506 4859 nactus,
1556 4810 1743 4862 pravas
1777 4797 2052 4863 cogitatio-

478 4899 573 4937 nes
598 4884 693 4952 ipsi
723 4885 871 4939 nullo
901 4886 1114 4954 negotio
1148 4886 1426 4950 insereret,
1460 4886 1729 4953 animique
1764 4888 1933 4955 ipsius
1959 4905 2054 4957 pu-

479 4975 689 5029 ritatem
715 4975 950 5030 turbaret
966 4985 1020 5031 et
1040 4976 1299 5031 inliceret.
1320 4975 1451 5031 Cum
1472 4977 1631 5044 igitur
1648 4978 1817 5031 hostis
1833 4980 2049 5033 omnino

475 5072 659 5119 mente
704 5067 1033 5130 cornideret,
1084 5082 1249 5136 seque
1298 5078 1579 5121 strenuum
1622 5068 1870 5135 juvenem
1911 5068 2057 5137 deje-

476 5162 689 5207 cturum
720 5170 937 5221 prorsus
967 5158 1257 5223 diffideret,
1290 5158 1353 5211 ad
1382 5159 1539 5213 aliam
1573 5158 1899 5213 callidiorem
1924 5159 2057 5212 frau-

475 5242 598 5297 deut
630 5258 750 5297 sese
776 5247 984 5299 confert
1013 5247 1093 5316 (ut
1131 5250 1216 5316 qui
1250 5264 1462 5314 semper
1496 5248 1669 5302 malus
1699 5251 1801 5314 sit,
1834 5264 1932 5304 nec
1960 5266 2056 5303 ttu~

472 5336 635 5403 quam
666 5335 861 5401 aliquid
906 5339 1106 5401 moliri,
1132 5350 1290 5409 atque
1320 5343 1716 5395 incommodum
1740 5342 1953 5409 aliquod
2001 5353 2056 5396 et

474 5424 851 5478 detrimentum
881 5424 1072 5479 afferre
1101 5430 1469 5499 intermittat),
1516 5431 1569 5483 in
1596 5429 1646 5483 id
1690 5430 1835 5483 omni
1877 5431 2055 5483 studio

474 5511 813 5580 incumbens,
838 5523 896 5569 ut
918 5530 1036 5583 quze
1085 5518 1185 5572 sibi
1219 5534 1247 5571 a
1296 5520 1515 5576 Theuda
1548 5521 1791 5575 mandata
1838 5522 2049 5575 fuerant

471 5614 813 5673 exsequatur.
845 5605 1024 5676 Itaque
1055 5622 1240 5664 rursus
1270 5609 1574 5668 huiusmodi
1602 5612 1886 5682 pharmaca
1916 5628 2052 5668 com-

473 5708 535 5763 pa
544 5705 643 5749 rat.
850 5700 857 5707 '

2168 4630 2300 4669 mea:
2331 4614 2571 4681 petitioni
2600 4631 2823 4675 annuas,
2859 4630 2918 4667 ac
2943 4618 3121 4669 statim
3149 4616 3336 4683 patriis
3362 4617 3612 4669 omnibus
3635 4614 3737 4666 diis

2164 4706 2297 4759 meis
2320 4705 2631 4773 repudiatis,
2664 4705 2772 4759 Deo
2796 4715 2885 4758 tuo
2914 4721 3000 4760 me
3029 4705 3339 4775 adjungam,
3368 4706 3652 4773 ipsumque
3674 4704 3737 4757 ad

2159 4810 2455 4850 extremum
2485 4810 2653 4863 usque
2682 4794 2927 4861 Spiritum
2956 4796 3149 4849 colant.
3182 4797 3251 4850 Ita
3285 4807 3339 4849 tu
3361 4795 3552 4850 salutis
3586 4810 3738 4855 meae,

2160 4895 2317 4950 atque
2348 4884 2414 4937 ad
2442 4884 2608 4937 Deum
2640 4884 3031 4946 conversionis,
3076 4884 3375 4939 mercedem
3407 4884 3631 4938 referes.

2232 4976 2361 5029 Cum
2408 4985 2584 5029 autem
2633 4977 2720 5031 ille
2766 4992 3007 5044 quaenam
3037 4977 3149 5029 lucc
3177 4976 3361 5044 petitio
3379 4985 3522 5029 esset
3550 4973 3741 5043 quaesi-

2161 5069 2346 5131 visset,
2380 5079 2487 5121 tum
2518 5068 2603 5120 illa
2629 5076 2683 5121 et
2714 5067 2914 5133 habitu,
2944 5077 2996 5121 et
3016 5079 3254 5134 aspectu,
3284 5076 3338 5120 et
3367 5082 3638 5128 sermone,
3683 5080 3741 5117 ac

2163 5164 2397 5232 deniqne
2439 5164 2582 5217 omni
2616 5178 2681 5215 ex
2719 5172 2883 5229 parte.
2914 5178 3033 5215 sese
3074 5162 3137 5213 ad
3190 5160 3526 5213 alliciendum
3578 5158 3740 5225 ipsius

2164 5255 2400 5308 animum
2454 5269 2767 5321 comparans
2817 5273 2827 5305 :
2879 5253 3236 5316 Matrimonio,
3291 5254 3481 5320 inquit,
3534 5264 3739 5304 mecum

2160 5344 2508 5413 conjungere,
2562 5354 2721 5412 atque
2775 5358 2875 5412 ego
2921 5344 3157 5412 imperiis
3208 5345 3309 5395 tuis
3352 5343 3541 5397 lubens
3582 5340 3739 5393 obsc-

2160 5451 2313 5504 quar.

2231 5530 2297 5580 At
2325 5526 2411 5580 ille
2438 5544 2450 5577 :
2484 5526 2777 5593 Incassum,
2805 5526 2991 5593 inquit,
3022 5542 3054 5580 ο
3099 5525 3305 5589 mulier,
3340 5523 3527 5577 duram
3560 5516 3735 5592 hujus-

2166 5618 2306 5671 modi
2338 5618 2645 5685 petitionem
2670 5618 2793 5671 mihi
2812 5616 3154 5685 preposuisti.
3180 5615 3310 5669 Nam
3334 5629 3639 5684 quanquam
3664 5613 3735 5665 in-

2165 5708 2307 5771 genti
2347 5706 2532 5763 salutis
2580 5716 2687 5760 tua:
2736 5722 2860 5761 cura
2905 5716 3109 5775 teneor,
3160 5716 3313 5774 teque
3344 5722 3407 5760 ex
3459 5707 3645 5760 mortis
3688 5710 3733 5757 et
