4010 6244
270 296 371 355 565

694 298 851 354 V'ITA
894 296 1310 355 SANCTORUM
1351 295 1678 352 BAHLAAM
1723 295 2049 350 ΕΒΕΜΙΤΑΞ
2091 296 2177 351 ΕΤ
2217 298 2567 357 JUSAPHAT
2606 300 2813 356 INDIIE
2854 300 3074 357 REGIS.

3411 298 3513 354 566

265 417 405 471 exitii
438 430 692 486 voragine
732 420 1018 475 extrahere
1048 419 1222 486 cupio,
1268 416 1397 470 mihi
1431 424 1609 469 tamen
1638 427 1834 480 corpus
1862 414 1910 469 A
1943 413 2265 468 matrimonii
2293 430 2431 469 nexu
2456 427 2626 471 tecum
2649 416 2883 486 copulari
2910 417 3152 484 cupiens,
3190 426 3361 471 tamen
3382 432 3517 485 quo-

264 521 437 559 tueuttt
481 522 574 574 per
604 506 801 561 foedum
829 508 1162 562 concubitum
1194 507 1469 576 inquinare
1499 505 1654 559 nimis
1674 517 1836 573 grave

262 610 362 660 es',
397 596 504 650 itno
530 611 749 665 prorsus
777 598 1121 665 impossibile.

335 687 430 740 Illa
463 702 587 742 vero
627 689 832 754 planam
885 689 981 756 ipsi
1018 689 1156 741 viam
1206 688 1270 741 ad
1312 688 1487 741 scelus
1539 694 1785 740 sternens
1821 701 1834 736 :

266 775 493 843 Ecquid,
541 777 726 844 inquit,
770 777 1067 844 hujusmodi
1099 792 1344 831 sermone
1365 776 1547 843 uteris,
1578 778 1664 844 qui
1689 774 1834 829 omni

266 869 542 938 sapientia:
570 883 759 932 genere
789 869 996 933 polles?
1048 868 1267 937 Ecquid,
1297 868 1532 936 inquam,
1570 872 1704 920 hanc
1724 882 1835 919 rem

266 958 575 1023 Spurctlietn
607 970 669 1009 ac
696 956 889 1009 foedum
918 958 1255 1010 concubitum
1298 954 1613 1023 appellasti?
1662 957 1839 1023 Neque

268 1032 420 1098 enim‘
445 1046 555 1113 ipsa
589 1061 793 1114 quoque
824 1045 1243 1100 Christianorum
1274 1047 1527 1100 librorum
1562 1047 1741 1115 ignara
1762 1055 1842 1098 at-

269 1152 372 1203 que
393 1152 588 1204 expers
609 1152 747 1203 sum,
765 1152 946 1191 verum
970 1146 1023 1190 et
1050 1138 1245 1191 multos
1266 1138 1319 1191 in
1346 1140 1510 1205 patria
1535 1153 1651 1192 mea
1676 1137 1838 1191 libros

270 1231 493 1298 perlegi,
521 1239 575 1281 et
604 1244 748 1296 saepe
776 1244 895 1283 cum
944 1228 1257 1283 Christianis
1295 1244 1569 1283 sermones
1619 1229 1840 1283 contuli.

270 1318 406 1382 Quid
438 1318 638 1386 igitur?
676 1318 861 1373 Nonne
900 1319 952 1372 in
982 1320 1208 1387 quodam
1257 1320 1509 1374 librorum
1542 1329 1841 1373 vestrorum

275 1411 532 1476 scriptum
555 1420 637 1464 est
665 1426 679 1462 :
704 1410 1022 1465 Honorabile
1050 1412 1371 1465 connubium
1401 1422 1453 1466 et
1484 1422 1631 1466 torus
1661 1413 1845 1465 imma-

273 1500 481 1552 culatus
503 1499 690 1571 (Hebr.
722 1501 874 1567 xui)?
905 1504 976 1554 Ac
1005 1516 1213 1555 rursum
1244 1519 1259 1555 :
1290 1502 1472 1556 Melius
1517 1513 1599 1555 est
1646 1503 1846 1556 nubere

274 1606 432 1658 quam
474 1595 551 1645 uri
598 1590 649 1662 (I
668 1592 787 1646 Cor.
819 1592 946 1661 vn)?
971 1594 1045 1646 Ac
1071 1608 1317 1647 rursum:
1367 1594 1518 1657 Quod
1553 1594 1690 1646 Deus
1716 1607 1847 1644 con-

279 1684 470 1745 iunxit,
500 1682 656 1735 homo
681 1698 785 1735 non
812 1693 1021 1748 separet
1044 1681 1258 1752 (Matth.
1288 1684 1432 1749 xvi)?
1455 1684 1638 1735 Nonne
1662 1696 1848 1735 omnes

1942 505 2085 558 niam
2117 504 2171 559 id
2198 506 2291 560 tibi
2323 507 2540 562 minime
2586 518 2790 577 gratum
2838 516 2939 574 est,
2995 522 3099 559 non
3142 507 3250 575 jam
3283 508 3373 561 tibi
3414 510 3517 562 vim

1945 594 2184 659 afferam,
2214 610 2397 650 verum
2424 597 2676 667 quidquid
2705 596 2882 651 animo
2924 607 3014 650 tuo
3058 597 3327 659 insederit,
3374 606 3521 663 post-

1944 684 2043 739 hac
2073 685 2286 739 faciam.
2330 686 2409 740 Tu
2440 686 2601 755 igitur
2621 702 2686 740 ne
2716 703 2799 740 me
2827 702 3036 756 quoque
3061 699 3277 755 prorsus
3303 685 3520 753 abjicias

1944 784 1997 829 et
2024 778 2348 845 exsecraris,
2382 793 2564 831 verum
2596 779 2647 832 in
2680 780 2779 832 hac
2806 794 2911 832 una
2965 794 3020 832 re
3050 779 3175 831 inihi
3217 778 3525 847 obsequens

1942 868 2165 919 salutem
2198 869 2324 920 mihi
2356 867 2506 932 all‘er,
2538 877 2696 936 atque
2727 884 2752 920 a
2786 868 3154 938 superstitioso
3197 883 3381 922 errore
3437 883 3522 920 tne

1946 956 2108 1010 libera
2131 996 2148 1022 ,
2181 954 2232 1010 tti
2263 968 2436 1011 autem
2467 959 2715 1029 deinceps
2747 974 2842 1027 per
2888 974 3099 1013 omnem
3136 960 3257 1014 vitae
3308 972 3523 1014 cursum

1946 1062 2063 1113 quae
2095 1046 2184 1100 tibi
2218 1049 2553 1102 visa‘fuerint
2585 1049 2745 1102 facias
2776 1049 2972 1102 licebit.

2019 1138 2113 1190 llis
2142 1138 2318 1191 verbis
2350 1147 2502 1193 utens
2534 1142 2677 1207 (nam
2708 1149 2762 1193 et
2794 1139 3020 1193 habebat
3045 1141 3133 1209 qui
3156 1140 3251 1208 ipsi
3277 1154 3529 1208 suggere-

1949 1237 2047 1291 ret,
2076 1229 2159 1281 cui
2193 1228 2351 1281 etiam
2385 1243 2542 1282 aures
2576 1230 2709 1281 clam
2740 1229 3074 1294 admovebat,
3103 1235 3263 1297 atque
3293 1227 3529 1297 Scriptu-

1948 1334 2124 1372 rarum
2155 1321 2359 1387 peritus
2389 1328 2466 1374 est
2508 1319 2596 1373 ille
2622 1319 2732 1373 vitii
2758 1319 2946 1372 artifex
2976 1318 3262 1388 diabolus),
3311 1319 3413 1383 his,
3448 1321 3530 1371 in.

1948 1426 2128 1476 quam,
2155 1412 2331 1464 verbis
2363 1421 2539 1475 utens,
2572 1425 2799 1479 eumque
2824 1410 3154 1471 demulcens,
3202 1424 3264 1463 ac
3300 1411 3431 1464 retia
3478 1420 3531 1465 et

1952 1500 2171 1566 laqueos
2204 1499 2303 1567 ip~i
2338 1507 2446 1553 tum
2479 1514 2507 1553 a
2536 1501 2758 1567 dextris,
2788 1509 2897 1554 tum
2947 1514 2974 1551 a
3018 1500 3250 1554 sinistris
3300 1501 3531 1569 undique

1952 1599 2192 1653 nectens,
2223 1591 2383 1643 animi
2416 1592 2582 1657 ipsius
2608 1592 2793 1645 turrim
2825 1589 3166 1656 labefactare,
3201 1592 3532 1661 institutique

1953 1679 2120 1746 ipsius
2145 1696 2333 1733 nervos
2357 1679 2649 1745 debilitare,
2685 1695 2747 1735 ac
2774 1680 3098 1734 voluntatem
3130 1690 3184 1734 et
3212 1684 3531 1736 sententiam

281 1771 649 1838 veteresjttsti,
679 1782 785 1824 tam
809 1774 1117 1839 patriarcha:
1140 1789 1297 1839 quam
1321 1773 1590 1841 pr0pliet:e
1615 1772 1848 1840 legitimo
1878 1768 1928 1826 B
1953 1770 2195 1824 emollire
2225 1771 2529 1840 incipiebat.
2563 1772 2682 1825 Vitii
2728 1782 2905 1827 autem
2947 1780 3112 1838 sator,
3150 1788 3212 1827 ac
3242 1774 3531 1842 proborum

278 1860 619 1915 matrimonio
634 1864 908 1929 cottulatos
931 1862 1093 1917 fuisse
1107 1863 1399 1930 Scriptum
1416 1871 1605 1915 vestrm
1629 1863 1857 1916 docent?

279 1954 466 2009 Nonne
520 1956 704 2010 Petrus
763 1958 847 2011 ille
879 1996 893 2021 ,
952 1972 1106 2025 quem
1158 1958 1517 2024 apostolorum
1566 1956 1856 2023 principem

278 2046 448 2101 fuisse
464 2049 787 2113 praedicatis,
816 2064 1030 2102 uxorem
1049 2048 1297 2103 habuisse
1314 2064 1400 2103 scr
1424 2049 1564 2101 bitur
1581 2051 1733 2118 (Luc.
1751 2047 1861 2113 tv)?

281 2137 422 2202 Quid
456 2140 613 2206 igitur
651 2149 702 2193 te
734 2140 971 2205 adduxit,
997 2149 1053 2191 ut
1078 2154 1189 2193 rem
1222 2139 1523 2207 hujusmodi
1555 2137 1858 2203 snttrcitiem

281 2228 617 2293 appellares?
646 2226 964 2298 Magnopere
987 2243 1114 2282 sane
1136 2229 1263 2282 mihi
1288 2246 1315 2282 a
1338 2228 1637 2297 dogmatum
1658 2236 1860 2281 vestro—

281 2327 400 2368 rum
430 2320 652 2370 veritate
675 2320 925 2371 aberrare
954 2318 1168 2372 videris.

350 2402 449 2457 Cui
498 2406 590 2459 ille
638 2409 909 2475 respondit
951 2424 965 2460 :
1010 2408 1081 2460 ita
1128 2406 1385 2475 profecto,
1421 2407 1631 2469 mulier,
1664 2406 1774 2459 hare
1803 2420 1861 2459 se

284 2492 505 2559 habent,
533 2496 978 2563 quemadmodum
1002 2497 1095 2550 abs
1121 2506 1173 2551 te
1193 2499 1389 2551 dictum
1412 2506 1513 2550 est.
1546 2496 1695 2549 Licet
1717 2497 1858 2549 enim

285 2587 609 2653 quibuslibet
639 2590 979 2643 matrimonio
1008 2590 1265 2658 copulari,
1316 2589 1549 2654 exceptis
1580 2597 1754 2640 tamen
1795 2585 1861 2639 iis

284 2680 372 2746 qui
397 2679 755 2747 virginitatem
777 2678 990 2732 Christo
1011 2679 1175 2732 semel
1204 2677 1558 2744 promiserint.
1587 2677 1692 2744 Ego
1717 2676 1859 2728 enim

287 2772 348 2825 ab
374 2784 439 2825 eo
466 2770 551 2824 die
581 2787 687 2840 quo
716 2785 807 2838 per
837 2771 999 2823 divini
1038 2769 1282 2837 baptismi
1325 2767 1594 2821 lavacrum
1621 2781 1647 2818 a
1673 2765 1862 2835 juven-

289 2864 411 2915 tutis
426 2872 478 2916 et
497 2863 809 2933 ignorantiae
830 2879 961 2917 mea:
983 2864 1210 2931 peccatis
1233 2872 1483 2930 purgatus
1506 2876 1646 2924 sum,
1674 2877 1860 2927 purum

289 2955 545 3026 meipsum
591 2956 805 3011 Christo
834 2957 1085 3012 exhibere
1126 2957 1392 3026 pollicitus
1438 2970 1577 3009 sum.
1625 2956 1864 3020 Quonam

290 3047 453 3113 igitur
483 3049 641 3103 modo
672 3058 821 3119 pacta
854 3064 913 3105 ea
942 3064 1057 3120 qua:
1087 3064 1207 3104 eum
1254 3048 1361 3101 Deo
1393 3046 1544 3103 sanxi
1574 3045 1867 3102 dissolvere

292 3147 447 3205 atque
471 3137 763 3208 infringere
780 3140 1022 3195 audebo?

360 3230 589 3285 Rursum
619 3242 791 3287 autem
823 3235 887 3286 ad
932 3250 1052 3289 eum
1082 3235 1275 3290 mulier
1306 3236 1387 3291 his
1412 3238 1589 3292 verbis
1621 3253 1712 3292 usa
1740 3246 1821 3292 est
1853 3254 1865 3289 :

292 3320 374 3375 Sit
401 3337 530 3375 sane
573 3323 641 3377 de
679 3324 775 3378 hac
806 3339 862 3379 re
891 3335 948 3378 ut
976 3328 1088 3393 ipse
1120 3328 1215 3381 vis.
1249 3332 1315 3381 At
1345 3331 1590 3398 exiguam
1623 3330 1867 3393 alteram,

293 3428 352 3465 ac
378 3413 575 3469 nullius
606 3417 854 3470 momenti
885 3419 1225 3487 cupiditatem
1268 3437 1437 3476 meam
1468 3425 1644 3491 exple,
1674 3424 1716 3477 si
1748 3424 1867 3493 qui-

293 3507 413 3559 detn
458 3507 650 3560 animai
691 3524 824 3563 mete
864 3513 1087 3565 salutem
1118 3512 1307 3566 all'erre
1332 3515 1422 3567 tibi
1451 3516 1598 3569 cordi
1628 3526 1727 3570 est.
1764 3517 1871 3570 llac

293 3599 553 3652 duntaxat
592 3609 747 3654 nocte
777 3616 983 3655 mecum
1014 3619 1125 3657 rem
1161 3604 1316 3671 habe,
1360 3617 1518 3675 atque
1558 3607 1710 3661 eflite
1737 3618 1794 3661 ut
1818 3619 1875 3664 et

294 3704 395 3753 ego
444 3698 531 3742 tua
584 3691 977 3758 pulchritudine
1028 3692 1194 3758 fruar,
1236 3710 1298 3748 ac
1353 3705 1405 3749 tu
1445 3712 1654 3749 rursum
1689 3698 1873 3752 formas

294 3795 431 3835 "tell!
459 3781 718 3851 elegantia
766 3785 1050 3851 cxplearis.
1103 3785 1255 3850 Quod
1304 3787 1347 3840 si
1403 3786 1614 3852 feceris,
1648 3788 1750 3841 hoc
1781 3788 1872 3842 tibi

297 3874 578 3939 polliceor,
612 3891 696 3929 me
720 3877 874 3929 simul
906 3884 1061 3945 atque
1090 3879 1203 3932 dies
1234 3879 1485 3944 illuxerit,
1520 3880 1872 3935 Christianam

298 3966 608 4033 religionem
640 3978 1028 4036 suscepturum,
1061 3977 1217 4038 atque
1245 3986 1454 4025 omnem
1478 3972 1698 4024 deorum
1732 3987 1877 4025 meo-

297 4070 414 4107 rum
435 4056 632 4109 cultum
654 4055 769 4126 fuga
796 4060 1095 4113 relicturam
1121 4074 1257 4115 esse.
1291 4064 1463 4129 Atque
1484 4064 1551 4114 ob
1575 4062 1871 4131 hujusmodi

298 4148 603 4213 consilium,
644 4166 747 4202 non
778 4152 934 4205 modo
965 4152 1193 4217 veniam,
1241 4154 1333 4206 sed
1390 4154 1549 4207 etiam
1598 4155 1874 4223 beneﬁcia,

299 4241 486 4293 salutis
526 4257 659 4295 meae
701 4256 882 4306 causa,
908 4260 936 4296 a
972 4244 1077 4297 Deo
1102 4254 1193 4296 tuo
1221 4245 1582 4313 consequeris.
1615 4246 1875 4299 Gaudium

300 4330 465 4393 enim,
501 4330 669 4398 inquit
706 4330 978 4401 Scriptura
1022 4343 1130 4398 tua,
1182 4344 1263 4387 est
1304 4337 1353 4386 in
1386 4334 1522 4388 cmlo
1572 4350 1732 4403 super
1773 4352 1879 4390 uno

302 4430 583 4487 peccatore
607 4423 966 4485 paenitentiam
1005 4433 1194 4493 agente
1219 4425 1393 4492 (Lucae
1422 4429 1555 4495 xix).
1576 4427 1706 4481 Nam
1738 4428 1779 4481 si
1812 4429 1881 4483 ob

1961 1858 2193 1913 virorum
2221 1861 2409 1923 hostis,
2439 1860 2703 1914 labantem
2734 1861 2901 1929 ipsius
2918 1862 3152 1915 animum
3174 1863 3533 1929 οοηειιὶοἱθιιε,

1962 1964 2023 2003 ac
2064 1965 2268 2003 summa
2319 1951 2441 2005 inde
2484 1952 2667 2005 laetitia
2715 1950 2981 2016 perfusus,
3030 1954 3207 2006 statim
3257 1954 3535 2021 pestiferos

1965 2040 2181 2107 spiritus
2212 2044 2300 2108 qui
2344 2057 2443 2093 una
2470 2057 2591 2095 cum
2625 2042 2716 2094 illo
2748 2041 2968 2095 aderant
2997 2044 3225 2112 appellat
3258 2061 3269 2095 :
3302 2043 3534 2108 Cernite.

1966 2130 2230 2197 inquiens,
2264 2146 2492 2199 quonam
2523 2140 2675 2197 pacto
2705 2132 2873 2198 puella
2901 2132 2997 2184 ista
3024 2148 3083 2185 ea
3127 2133 3380 2200 perficere
3405 2150 3533 2187 con-

1980 2221 2162 2272 tendat
2188 2235 2304 2287 quaa
2334 2236 2360 2272 a
2392 2221 2545 2274 nobis
2578 2222 2755 2287 perﬁci
2784 2225 3159 2291 nequ'verunt.
3185 2223 3337 2291 Agite
3362 2224 3537 2293 igitur,

1967 2312 2163 2365 acriter
2191 2326 2328 2365 nunc
2357 2313 2407 2365 in
2438 2327 2557 2365 eum
2593 2313 2841 2380 impetum
2873 2313 3035 2383 316
3063 2314 3332 2368 faciamus.
3358 2313 3538 2383 Neque

1966 2402 2105 2454 enim
2138 2401 2202 2453 ad
2233 2401 2547 2468 explendam
2580 2400 2696 2469 ejus
2727 2417 2754 2453 a
2780 2417 2882 2467 quo
2913 2403 3056 2455 missi
3083 2416 3265 2454 sumus
3296 2402 3538 2455 volunta-

1970 2497 2072 2543 tem
2122 2490 2262 2543 aliud
2292 2506 2441 2557 teque
2487 2500 2838 2559 opportunum
2897 2500 3103 2559 tempus
3155 2492 3539 2551 nanciscemnr.

1971 2580 2095 2632 llaec
2116 2594 2235 2631 cum
2262 2579 2559 2645 versipellis
2584 2580 2673 2634 ille
2698 2580 2763 2634 ad
2794 2580 2968 2635 socios
2990 2579 3231 2645 dixisset,
3266 2580 3317 2633 in
3342 2580 3537 2633 Christi

1970 2668 2187 2722 militem
2232 2669 2489 2733 insiliunt,
2534 2684 2720 2724 omnes
2747 2670 2908 2723 animi
2958 2670 3119 2736 ipsius
3150 2672 3288 2723 vires
3334 2681 3542 2738 pertur-

1968 2760 2175 2823 bantes,
2222 2769 2381 2825 atque
2410 2762 2727 2813 acerrimum
2759 2761 2945 2828 puella:
2984 2776 3219 2816 amorem
3257 2762 3421 2835 ipsius
3452 2785 3542 2836 pe-

1969 2854 2103 2905 ctori
2139 2852 2453 2915 inserentes,
2472 2852 3102 2927 veltemmtissitnumque
3117 2858 3354 2913 libidinis
3372 2858 3541 2929 ignem

1973 2943 2025 2995 in
2057 2944 2170 3011 ipso
2203 2943 2619 3002 inflanlmatites.

2047 3060 2138 3114 llle
2183 3070 2360 3116 autem
2392 3076 2510 3116 cum
2558 3061 2788 3130 seipsum
2821 3061 3164 3117 vehementer
3213 3060 3338 3128 uri,
3380 3062 3543 3128 capti-

1902 3129 1949 3188 C
1984 3166 2212 3220 rumque
2251 3152 2315 3205 ad
2343 3160 2618 3222 peccatum
2645 3129 2798 3204 trahi
2830 3152 3177 3219 perspiceret,
3213 3160 3370 3219 atque
3407 3152 3545 3215 cogi.

1977 3246 2205 3298 lationes
2231 3259 2375 3309 suas,
2411 3245 2602 3313 puella:
2652 3245 2876 3299 salutem
2922 3244 3435 3313 conversionemque
3484 3244 3549 3298 ad

1980 3337 2142 3390 Deum
2188 3337 2283 3405 ipsi
2316 3349 2691 3408 proponen‘tes,
2742 3336 2993 3407 flagitium
3046 3346 3291 3406 tanquam
3334 3336 3548 3390 hamum

1976 3426 2257 3494 quemdam
2285 3442 2409 3480 esca
2430 3404 2718 3489 occuﬁare,
2758 3426 3033 3494 hostisque
3056 3427 3302 3481 inStinctu
3332 3426 3430 3480 sibi
3460 3443 3550 3480 ne-

1975 3518 2177 3585 gotium
2202 3516 2482 3581 facessere,
2519 3517 2739 3585 perinde
2778 3515 3021 3571 videlicet
3047 3532 3109 3571 ac
3138 3518 3313 3571 scelus
3333 3518 3552 3569 minime

1978 3617 2139 3671 esset,
2171 3607 2448 3660 servanda:
2471 3608 2662 3659 anima:
2690 3621 2846 3661 causa
2868 3620 2986 3659 cum
3011 3607 3229 3660 muliere
3249 3606 3414 3660 semel
3438 3621 3551 3658 rem

1981 3701 2199 3759 habere,
2231 3701 2281 3752 in
2316 3697 2620 3766 hujusmodi
2647 3697 2810 3750 animi
2836 3698 3102 3751 anxietate
3127 3697 3436 3764 consiliique
3459 3713 3552 3764 pe-

1981 3792 2131 3843 nuria
2160 3790 2268 3843 alto
2310 3798 2525 3853 pectore
2575 3788 2955 3858 ingemiscens,
3002 3786 3232 3853 seipsum
3281 3788 3456 3840 statim
3488 3789 3559 3840 ad

1978 3866 2276 3931 Orationem
2325 3876 2549 3940 confert,
2604 3888 2762 3943 atque
2809 3876 2998 3929 uberes
3028 3876 3379 3945 lacrymarum
3414 3878 3553 3929 rivos

1981 3986 2043 4022 t'X
2076 3969 2248 4023 oculis
2276 3967 2623 4036 prolundens,
2656 3966 2721 4020 ad
2749 3982 2869 4019 eum
2903 3966 2989 4034 qui
3035 3965 3258 4018 salutem
3288 3966 3352 4019 iis
3382 3968 3467 4033 qui
3502 3967 3554 4018 itt

1950 4056 1951 4059 “
1982 4060 2098 4128 ipso
2121 4060 2394 4113 confidunt
2415 4057 2605 4110 afferre
2629 4064 2802 4125 potest
2824 4056 3115 4109 clamabat:
3134 4054 3184 4107 In
3210 4066 3281 4119 te,
3308 4055 3553 4118 Domine,

1982 4150 2215 4219 speravi,
2247 4164 2349 4202 non
2374 4148 2664 4201 cottfuudar
2694 4147 2744 4199 in
2777 4158 3029 4201 aeternum
3066 4144 3236 4214 (Psal.
3273 4145 3437 4215 xxx);
3468 4160 3556 4199 ne.

1984 4256 2086 4308 que
2137 4240 2368 4293 rrideant
2401 4254 2484 4293 me
2510 4239 2708 4292 iuitnici
2735 4238 2859 4301 mei,
2882 4236 3081 4291 dextrae
3106 4248 3206 4290 tuae
3236 4237 3553 4301 haerentem;

1986 4346 2165 4383 verum
2190 4330 2288 4383 hac
2309 4330 2434 4383 hora
2457 4344 2552 4397 pro
2570 4339 2656 4381 tua
2682 4330 2948 4383 voluntate
2969 4326 3094 4381 mihi
3112 4337 3247 4393 asta,
3281 4329 3389 4382 vias
3407 4344 3557 4381 meas

1986 4422 2239 4491 dirigens,
2264 4429 2321 4473 ut
2349 4429 2589 4473 sanctum
2621 4430 2765 4472 tuum
2794 4428 2848 4473 et
2875 4419 3164 4489 gloriosum
3188 4432 3247 4470 ac
3272 4418 3558 4469 formidan-

303 4513 544 4565 scelerati
574 4513 803 4568 hominis
836 4516 1251 4583 resipiscentiam
1288 4518 1466 4571 laetitia
1494 4520 1543 4571 in
1577 4520 1715 4574 crelo
1735 4522 1880 4575 exci-
1907 4497 1957 4553 Ῑ)
1985 4515 2107 4567 dum
2141 4527 2331 4567 nomen
2363 4513 2413 4565 in
2446 4526 2531 4565 me
2558 4509 2756 4563 famqu
2796 4519 2886 4562 tuo
2928 4509 3215 4561 illustretur
3240 4550 3253 4571 ,
3307 4507 3554 4574 quoniam

304 4612 462 4668 tatur,
511 4601 638 4672 quid
696 4606 874 4659 afferri
925 4616 1096 4673 potest
1144 4610 1269 4676 quin
1304 4609 1460 4678 hujus
1497 4613 1879 4680 resipiscentim

303 4698 504 4751 aut-tori
540 4714 787 4766 magnum
823 4704 1096 4766 prtemium
1126 4702 1417 4757 debeatur?

376 4791 447 4843 Ita
478 4801 622 4845 certe
650 4808 733 4846 res
764 4807 821 4845 se
848 4794 1022 4858 habet,
1057 4810 1154 4848 nec
1176 4805 1257 4849 est
1286 4798 1426 4864 quod
1459 4799 1684 4852 dubites.
1706 4798 1881 4866 Quid?

305 4885 383 4934 Att
436 4896 539 4934 non
595 4884 819 4948 apostoli
873 4899 1081 4953 quoque
1128 4886 1404 4956 religionis
1450 4897 1641 4942 vestrae
1695 4890 1879 4955 duces,

303 4974 575 5042 complura
623 4985 771 5027 certo
816 4976 1037 5030 consilio
1088 4976 1370 5045 faciebant,
1405 4978 1639 5034 divinum
1670 4997 1874 5048 praece-

286 5076 449 5130 ptum
486 5066 704 5133 majoris
736 5066 982 5134 priecepti
1009 5082 1166 5121 causa
1190 5069 1453 5123 interdum
1479 5072 1772 5127 violantes?
1798 5075 1877 5128 An

307 5175 409 5212 non
441 5160 632 5211 Paulus
663 5160 1019 5224 Timotheum,
1052 5162 1433 5228 praestantioris
1472 5167 1675 5219 consilii
1699 5181 1879 5229 causa,

247 5306 254 5312 ,
305 5252 700 5305 εἱῑουηιρίιιίδδη
750 5252 941 5304 dicitur
999 5255 1134 5320 (Act.
1168 5255 1300 5321 xvi);
1347 5257 1489 5325 atqui
1547 5261 1883 5315 circumcide

307 5346 443 5411 apud
480 5343 809 5399 Christianos
841 5347 891 5399 in
915 5346 1136 5401 crimine
1162 5360 1435 5412 Censetur;
1462 5367 1557 5405 nec
1587 5362 1761 5405 tamen
1786 5356 1875 5409 ille

310 5436 409 5488 hoc
437 5433 612 5489 facere
648 5436 922 5489 dubitavit.
953 5438 1124 5505 Atque
1154 5437 1255 5491 alia
1286 5437 1586 5507 hujusmodi
1612 5445 1873 5510 permulta

309 5527 359 5579 in
387 5524 681 5593 Scripturis
713 5526 812 5579 tuis
841 5527 1093 5595 reperies.
1130 5528 1411 5595 Quocirca,
1443 5530 1485 5583 si
1519 5533 1659 5586 serio
1685 5534 1877 5590 anima:

308 5633 441 5673 mea:
462 5618 687 5673 salutem
716 5619 908 5673 alierre
933 5622 1099 5688 cupis,
1136 5624 1379 5691 exiguam
1414 5624 1547 5679 hanc
1577 5641 1748 5680 meam
1780 5642 1874 5681 cu-

308 5709 583 5778 piditatem
613 5711 796 5779 exple;
831 5721 882 5767 et
910 5726 1027 5782 ego,
1062 5728 1359 5784 quanquam
1406 5715 1598 5787 alioqui
1638 5720 1876 5789 perfecto

1984 4601 2298 4656 benedictus
2328 4616 2386 4654 es
2415 4600 2465 4653 iu
2490 4599 2700 4652 sa'cula.
2746 4599 2911 4650 Arnen
2943 4594 3111 4664 (Psal.
3148 4595 3316 4663 xxtv).

2057 4710 2188 4765 Cum
2214 4721 2389 4765 autem
2424 4724 2516 4775 per
2547 4708 2749 4776 aliquot
2779 4708 2935 4760 horas
2954 4721 3071 4760 cum
3107 4705 3353 4774 lacrymis
3375 4719 3560 4771 preces

1987 4807 2232 4872 fudisset,
2261 4818 2536 4873 genuaque
2566 4816 2805 4870 persaepe
2846 4801 3104 4863 flexisset,
3157 4797 3210 4852 in
3260 4808 3452 4852 terram
3502 4813 3563 4852 se

1992 4900 2295 4965 prostravit,
2332 4895 2653 4964 paulumque
2684 4893 3086 4946 obdormiscens
3116 4892 3346 4959 seipsum
3377 4905 3405 4941 a
3446 4890 3563 4956 qui-

1985 4986 2205 5041 busdam
2249 4984 2527 5038 horrendis
2561 4983 2687 5035 viris
2716 4984 2874 5047 arripi
2925 4980 3087 5041 videt,
3141 4980 3563 5051 regiooibttsque

1985 5076 2321 5146 quibusdam,
2372 5088 2505 5143 quas
2558 5086 2824 5139 nunquam
2878 5070 3100 5133 viderat,
3153 5068 3463 5138 peragratis,
3510 5070 3560 5121 in

1986 5166 2377 5234 amplissimum
2406 5178 2650 5231 campum
2684 5162 2921 5229 perduci,
2953 5162 3185 5229 pulchris
3223 5163 3443 5216 floribus
3486 5172 3565 5216 at-

1988 5274 2091 5325 que
2118 5256 2316 5325 ingenti
2342 5254 2600 5307 suavitate
2633 5253 2934 5321 przeditum,
2966 5255 3053 5305 ubi
3077 5263 3131 5306 et
3162 5254 3368 5321 plantas
3389 5254 3565 5308 omnis

1988 5352 2198 5419 generis
2224 5349 2496 5413 cernebat,
2529 5346 2791 5400 inusitatis
2817 5346 3129 5415 quibusdam
3162 5355 3216 5401 et
3237 5347 3565 5403 admirandis

1988 5445 2265 5507 fructibus,
2302 5451 2411 5495 tum
2439 5438 2551 5495 visu
2571 5440 2994 5510 jucundissimis,
3022 5448 3132 5496 tum
3162 5452 3415 5512 perceptu
3437 5458 3563 5499 sua-

1989 5539 2218 5593 vissimis
2241 5536 2619 5591 redundantes.
2649 5535 2912 5590 Arborum
2936 5550 3094 5604 porro
3122 5536 3241 5593 folia
3264 5554 3330 5593 ex
3359 5539 3563 5594 tenuis-

1987 5634 2119 5686 sima
2151 5630 2375 5701 quadam
2421 5645 2545 5682 aura
2572 5630 2777 5683 dulcem
2834 5645 3024 5683 sonum
3065 5631 3314 5695 edebant,
3345 5646 3408 5687 ac
3434 5631 3561 5688 dum

1989 5724 2411 5793 impellerentur,
2439 5722 2812 5793 inexplebi'e'n
2843 5722 3021 5778 odoris
3043 5722 3379 5788 fragrantiam
3403 5723 3563 5778 emit-
