4010 6238
468 260 570 315 567

1502 275 1589 331 DE
1632 276 1809 334 VITIS
1850 279 2127 335 PATRUM
2178 274 2376 330 LIBER
2418 277 2696 335 PRIMUS.

3628 295 3735 351 568

472 374 672 432 tebant.
721 380 856 445 Quin
886 383 1046 438 etiam
1073 384 1228 442 sedes
1258 388 1369 444 illic
1400 391 1516 446 sita:
1537 405 1710 457 erant,
1736 412 1868 450 auro
1892 407 2017 466 atqu

2128 447 2130 454 ,
2161 393 2325 448 Israel
2351 392 2492 449 Deus
2519 396 2602 450 his
2630 398 2718 465 qui
2746 406 2891 452 recto
2919 406 3047 452 sunt
3078 399 3241 455 corde
3267 400 3379 471 (Ps.
3411 405 3611 475 Lxxtt)!
3637 410 3732 477 qui

390 530 391 533 η
467 468 698 535 ingentis
746 471 897 539 pretii
947 475 1210 543 lapidibus
1254 490 1495 549 structae,
1542 484 1867 541 luculentum
1923 505 2051 544 sane

466 557 809 626 splendorem
840 563 1163 633 afferentes;
1199 570 1431 641 lectique
1458 573 1584 630 item
1617 564 1875 642 illustres,
1903 582 2050 636 miris

464 650 778 717 quibusdam
802 655 1070 723 stragulis,
1093 668 1254 728 atque
1275 660 1532 730 elegantia
1553 681 1766 721 omnem
1790 671 2048 725 orationis

461 738 765 796 facultatem
790 757 1073 813 superante
1103 754 1365 807 coornati.
1399 756 1476 810 Ad
1501 755 1616 812 inec
1639 773 1790 829 aqua:
1816 762 2047 828 proﬂue-

463 827 592 883 bant
622 846 874 900 perquam
914 835 1166 904 limpida,
1201 842 1492 911 oculosque
1520 844 1665 913 ipsos
1689 827 2043 907 oblectantes.

462 914 596 970 Tum
625 931 801 975 autem
831 938 925 991 per
964 924 1233 995 ingentem
1284 940 1443 1001 atque
1487 934 1858 993 admirandum
1904 940 2047 997 hunc

459 1019 707 1076 campum
752 1012 1001 1068 horrendi
1053 1018 1127 1072 illi
1158 1020 1253 1074 viri
1287 1036 1409 1077 eum
1457 1025 1509 1079 in
1543 1027 1729 1082 urbem
1760 1032 2043 1099 quamdam

460 1095 893 1169 introduxerunt,
921 1105 1265 1166 inenarrabili
1298 1114 1587 1182 splendore
1608 1118 1932 1186 rutilantem,
1978 1139 2043 1179 ex

464 1188 729 1253 pellucido
759 1193 974 1262 quidem
1004 1212 1135 1253 auro
1167 1217 1366 1270 muros,
1400 1218 1465 1258 ex
1502 1206 1767 1274 lapidibus
1796 1219 1969 1265 autem
2013 1227 2042 1265 a

460 1279 676 1335 nemine
696 1297 928 1351 unquam
961 1287 1091 1344 visis
1114 1291 1305 1359 pinnas
1331 1310 1391 1346 ac
1417 1300 1811 1366 propugnacula
1835 1312 2045 1356 exstru-

454 1378 540 1421 cta
591 1371 899 1429 habentem.
936 1377 1002 1431 Et
1046 1380 1164 1448 quis
1202 1383 1416 1437 tandem
1458 1395 1542 1439 est
1578 1389 1666 1455 qui
1709 1389 1856 1443 urbis
1900 1390 2043 1445 illius

456 1459 911 1528 pulchritudinem
968 1481 1030 1520 ac
1083 1470 1423 1536 splendorem
1478 1490 1729 1531 sermone
1785 1479 2042 1548 consequi

456 1547 664 1612 possit?
712 1550 824 1604 Lux
857 1568 1017 1621 porro
1038 1570 1273 1624 superne
1294 1561 1457 1615 radiis
1484 1563 1771 1618 identidem
1814 1547 2033 1636 micans,

455 1653 643 1693 omnes
667 1638 834 1708 ipsius
854 1644 995 1697 vicos
1019 1645 1291 1716 implebat,
1316 1660 1473 1719 atque
1494 1654 1620 1706 alati
1650 1656 1863 1724 quidam
1887 1673 2041 1712 exer-

451 1726 593 1780 citus
624 1728 783 1782 lucidi
807 1746 994 1786 omnes
1023 1733 1074 1785 iu
1108 1749 1168 1788 ea
1202 1739 1567 1804 morabantur,
1615 1742 1876 1810 ejusmodi
1906 1760 2039 1799 can-

453 1821 566 1866 tum
595 1815 837 1882 edentes,
875 1835 1033 1883 quem
1065 1838 1330 1892 nunquam
1370 1829 1609 1883 mortalis
1640 1833 1783 1886 auris
1812 1835 2033 1894 audivit.

453 1900 763 1974 Vocemque
783 1907 1049 1964 dicentem
1075 1913 1239 1967 audiit
1272 1932 1285 1967 :
1316 1916 1439 1972 Haec
1464 1934 1649 1974 eorum
1672 1923 1758 1992 qui
1775 1924 2035 1993 justitiam

450 1992 717 2048 coluerint
745 2007 825 2050 est
855 2001 1087 2067 requies,
1120 2003 1220 2059 ltoc
1247 2020 1432 2061 eorum
1455 2011 1543 2079 qui
1570 2012 1798 2069 Domino
1818 2032 1931 2073 sua:
1953 2022 2034 2074 vi-

458 2090 526 2135 ta:
556 2086 790 2141 rationes
818 2090 1093 2157 probarint
1133 2094 1605 2156 oblectamentum.
1653 2106 1805 2161 llunc
1856 2121 2034 2167 autem

453 2190 517 2228 ex
550 2172 642 2229 illo
672 2178 792 2233 loco
813 2181 1062 2238 eductum
1097 2188 1359 2245 terribiles
1390 2192 1462 2246 illi
1496 2195 1590 2248 tiri
1624 2207 1912 2255 retrorsum
1935 2203 2035 2257 du-

454 2277 580 2320 cere
606 2267 744 2322 velle
769 2269 1039 2328 dicebant.
1068 2280 1132 2329 At
1156 2280 1613 2349 ipsejucundttate
1635 2289 1721 2342 ila
1746 2291 2033 2363 Iustitiaque

447 2353 611 2408 animi
641 2359 862 2413 omnino
890 2372 1071 2430 raptus
1102 2383 1114 2418 :
1146 2366 1220 2420 Ne
1249 2384 1355 2435 me,
1398 2388 1600 2441 quzeso,
1635 2377 1927 2447 inquiebat,
1946 2353 2032 2439 Ine

447 2444 933 2514 me.inquam,hac
974 2451 1177 2521 laetitia,
1225 2472 1345 2527 qua:
1384 2464 1545 2516 nullis
1577 2466 1752 2521 verbis
1803 2474 2029 2538 exprimi

452 2542 649 2601 potest,
675 2538 909 2606 private;
956 2548 1137 2599 v‘erum
1168 2546 1266 2604 hoc
1294 2552 1419 2605 mihi
1444 2556 1739 2625 concedite,
1766 2571 1821 2614 ut
1845 2563 1897 2615 in
1925 2580 2026 2619 uno

449 2626 797 2695 amplissima:
828 2632 1051 2701 hujusce
1079 2638 1307 2693 civitatis
1331 2645 1527 2712 angulo
1557 2648 1766 2716 degant.
1825 2652 1899 2706 Illi
1928 2670 2026 2708 au-

446 2720 552 2767 tem
582 2716 648 2769 ad
677 2716 819 2773 hunc
863 2724 1079 2777 modum
1113 2732 1506 2796 respondebant
1538 2749 1551 2787 :
1585 2734 1721 2789 Fieri
1754 2754 1895 2793 nunc
1922 2744 2024 2795 mi-

442 2805 587 2859 nime
612 2816 789 2874 potest
809 2820 865 2865 ut
889 2812 974 2866 hic
993 2814 1101 2870 sis:
1130 2822 1231 2871 hoc
1258 2829 1434 2874 autem
1462 2824 1641 2880 multis
1671 2828 1939 2884 laboribus
1962 2846 2024 2888 ac

441 2896 727 2953 sudoribus
752 2903 964 2958 tandem
989 2912 1354 2978 consequeris,
1381 2914 1422 2966 si
1445 2916 1657 2983 quidem
1683 2919 1773 2975 tibi
1798 2922 1892 2990 ipsi
1919 2925 2019 2979 vim

439 2986 703 3044 intuleris.

2157 488 2321 541 ctiam
2353 490 2549 559 eripuit
2574 491 2931 546 humilitatem
2960 509 3132 548 meam
3160 495 3226 548 de
3248 496 3410 566 317
3436 500 3615 554 medio
3638 517 3733 555 ea-

2156 579 2393 634 tulorum
2424 582 2662 649 leonum,
2686 584 2915 639 dormivi
2946 589 3303 644 conturbatus
3325 590 3442 658 (Ps.
3462 600 3594 661 ινι).
3626 594 3729 648 Sed

2154 670 2391 726 visitavit
2420 688 2507 727 me
2555 673 2694 730 Deus
2734 676 2970 731 salvator
3018 694 3202 743 meus,
3238 681 3482 751 mihique
3510 686 3731 752 quantis

2155 759 2189 813 ii
2219 760 2311 829 qui
2342 777 2465 816 eum
2498 764 2563 816 ad
2596 764 2928 819 iracundiam
2961 778 3258 836 provocant
3284 771 3440 827 bonis
3475 789 3597 829 sese
3618 779 3733 845 pri-

2153 858 2308 914 vent,
2355 853 2683 923 quantisque
2726 872 2942 912 rursum
3008 862 3297 916 tormentis
3357 863 3623 922 obnoxios
3671 884 3729 922 se

2149 939 2382 995 reddant
2409 943 2821 1000 demonstravit.

2220 1035 2286 1086 At
2313 1047 2474 1101 nunc,
2497 1049 2531 1089 o
2554 1045 2720 1103 pater,
2745 1037 2995 1107 quoniam
3020 1048 3073 1093 tu
3094 1055 3253 1098 aures
3276 1050 3394 1097 tuas
3424 1047 3722 1113 occlusisti,

2147 1135 2214 1175 ne
2240 1138 2424 1178 vocem
2459 1141 2629 1180 meam
2661 1127 2800 1182 bona
2845 1141 3006 1196 atque
3056 1129 3201 1186 utilia
3246 1133 3338 1189 tibi
3389 1139 3729 1196 occinentetn

2145 1216 2383 1282 audires,
2432 1234 2497 1271 ne
2545 1234 2630 1272 me
2658 1221 2847 1276 saltem
2880 1238 2985 1291 quo
3027 1225 3203 1279 minus
3232 1236 3433 1281 rectam
3467 1231 3606 1285 viam
3635 1247 3729 1286 ca-

2145 1320 2352 1372 pessam
2388 1308 2669 1373 impedias.
2705 1310 2815 1365 Hoc.
2845 1316 2987 1367 enim
3020 1318 3177 1383 cupio
3202 1358 3217 1382 ,
3273 1317 3375 1372 hoc
3403 1332 3640 1389 expeto,
3677 1334 3731 1377 ut

2144 1397 2396 1451 omnibus
2425 1400 2586 1454 rebus
2616 1401 2905 1457 liberatus.
2940 1404 3006 1457 ad
3036 1421 3095 1458 ea
3130 1407 3248 1461 loca
3282 1412 3605 1465 contendam
3627 1454 3643 1478 ,
3680 1417 3729 1469 in

2144 1488 2335 1556 quibus
2367 1491 2610 1546 Barlaam
2634 1492 2833 1547 Christi
2882 1492 3113 1550 famulus
3146 1497 3386 1563 habitat,
3411 1516 3478 1556 ac
3506 1518 3622 1557 cum
3657 1520 3725 1558 eo

2142 1582 2282 1648 quod
2306 1583 2434 1636 mihi
2466 1584 2727 1652 reliquum
2758 1596 2841 1639 est
2869 1589 2995 1641 vitae
3032 1590 3332 1646 conficiam.
3363 1594 3517 1659 Quoi
3567 1609 3611 1648 δι
3644 1612 3731 1650 me

2147 1683 2238 1735 per
2266 1671 2366 1724 vim
2384 1672 2616 1727 retinere
2645 1676 2696 1728 in
2718 1674 2956 1730 animum
2986 1677 3280 1747 induxeris,
3313 1698 3470 1750 quam
3497 1688 3727 1752 primum

2071 1746 2118 1805 Β
2146 1775 2232 1814 me
2261 1776 2491 1817 maerore
2533 1780 2595 1818 ac
2639 1766 2797 1820 taedio
2837 1769 3160 1823 exstinctum
3193 1746 3415 1827 videbis.
3446 1774 3517 1829 Ita
3551 1776 3641 1830 ﬂet
3671 1786 3727 1831 ut

2142 1866 2239 1905 nec
2269 1863 2319 1906 tu
2354 1866 2503 1922 pater
2528 1856 2640 1925 jim
2679 1861 2972 1926 appelleris
3000 1900 3017 1927 ,
3051 1878 3149 1919 nec
3189 1880 3272 1921 me
3299 1867 3461 1922 filium
3499 1869 3720 1924 habitu-

2141 1956 2230 1994 I'US
2257 1956 2354 1997 818.

2208 2031 2336 2085 Car.
2372 2033 2557 2087 XXXI.
2590 2066 2655 2075 ——
2680 2036 2911 2094 Rursum
2959 2041 3123 2110 igitur
3150 2045 3329 2114 ingens
3358 2064 3535 2119 regem
3578 2064 3723 2105 mm-

2137 2122 2278 2176 stitia
2310 2123 2535 2190 invasit;
2565 2142 2777 2183 rursum
2802 2146 3017 2186 omnem
3046 2135 3166 2189 vita:
3188 2151 3300 2191 suae
3319 2151 3469 2206 spem
3488 2139 3725 2209 despon-

2137 2210 2264 2266 dere
2292 2213 2486 2282 cmpit;
2520 2224 2681 2285 atque
2711 2221 2908 2275 acerba
2934 2236 3118 2278 secum
3163 2226 3346 2281 animo
3393 2229 3632 2298 agitans,
3667 2234 3721 2286 in

2137 2300 2393 2369 palatium
2425 2318 2577 2358 suum
2622 2306 2773 2361 abiit.
2806 2310 2876 2364 At
2912 2325 3044 2366 vero
3074 2315 3303 2380 improbi
3351 2316 3428 2371 illi
3468 2321 3721 2387 spiritus,

2135 2393 2222 2459 qui
2253 2392 2509 2449 adversus
2539 2395 2775 2452 divinum
2811 2399 3065 2468 juvenem
3097 2419 3124 2457 a
3147 2403 3368 2460 Theuda
3419 2408 3569 2462 missi
3600 2408 3718 2464 fue-

2134 2490 2274 2548 rant,
2307 2482 2372 2537 ad
2403 2499 2525 2538 eum
2557 2487 2757 2555 pudore
2787 2490 2972 2546 suﬂ'usi
3005 2493 3265 2561 redeunt,
3295 2508 3456 2568 atque
3478 2505 3721 2569 quamvis

2131 2569 2328 2639 alioqui
2359 2573 2639 2628 mendacio
2660 2578 2956 2644 gaudeant,
2992 2594 3267 2652 acceptam
3302 2596 3480 2642 tamen
3503 2591 3719 2646 cladem

2128 2658 2474 2714 confitentur.
2503 2662 2709 2733 Quippe
2740 2669 3017 2735 perspicua
3050 2672 3218 2728 cladis
3261 2676 3413 2746 signa
3452 2680 3506 2732 in
3536 2682 3714 2735 scele-

2128 2760 2245 2814 rato
2271 2764 2369 2805 suo
2398 2753 2543 2808 vultu
2572 2757 2853 2823 gerebant.
2878 2759 2972 2816 Ille
2997 2774 3175 2817 autem
3203 2782 3215 2817 :
3244 2765 3425 2837 Usque
3465 2771 3677 2827 adeone
3700 2812 3718 2836 ,

2126 2837 2319 2907 inquit,
2353 2841 2647 2901 imbecilles
2695 2861 2758 2901 ac
2807 2850 2991 2905 miseri
3032 2854 3194 2919 estis,
3221 2863 3279 2908 ut
3309 2858 3717 2916 adolescentem

2125 2944 2288 2984 unum
2319 2933 2532 2989 vincere
2561 2938 2781 2994 minime
2813 2944 3135 3008 potueritis?
3159 2945 3307 3000 Tunc
3339 2948 3573 3019 improbi
3605 2954 3717 3021 spi-

2127 3022 2260 3072 ritus
2291 3019 2484 3076 virtute
2532 3023 2712 3081 divina
2764 3031 3081 3097 excruciati,
3134 3036 3413 3092 veritatem
3466 3040 3618 3095 inviti
3662 3045 3718 3097 in

508 3079 620 3134 Ποῦ
646 3098 895 3140 Sermone
926 3086 1125 3155 habito,
1159 3106 1219 3144 ac
1243 3095 1476 3151 maximo
1500 3097 1592 3152 illo
1613 3114 1802 3170 campo
1833 3118 2017 3159 rursus
2045 3110 2094 3173 C
2127 3113 2297 3169 lucem
2329 3120 2680 3187 protulerunt,
2713 3122 2797 3178 his
2818 3125 2996 3180 Verbis
3020 3136 3229 3184 utentes
3255 3147 3267 3182 :
3292 3129 3491 3187 Christi
3523 3144 3714 3201 poteno

508 3181 713 3201 Itan-AIA
764 3190 879 3201 ιιι-..ι
913 3178 960 3201 ε..
995 3187 1078 3201 ιι--
1122 3181 1199 3201 [αν
1226 3199 1240 3201 ,
1310 3184 1321 3201 I
1597 3192 1607 3200 .
1974 3197 1985 3201 -

434 3181 735 3240 peragrato,
760 3190 879 3228 eum
913 3178 963 3231 in
995 3181 1275 3236 tenebrosa
1309 3184 1443 3249 loca,
1466 3192 1746 3258 omniSque
1773 3197 2017 3251 maeroris

432 3259 611 3331 plena,
657 3272 816 3335 atque
858 3284 977 3324 cum
1023 3286 1088 3326 eo
1128 3274 1434 3344 splendore,
1485 3296 1640 3349 quem
1684 3285 1827 3351 prius
1889 3303 2019 3340 con-

432 3366 703 3421 spexerat,
738 3372 800 3411 ac
829 3359 1011 3414 laititia
1042 3362 1128 3416 illa
1160 3381 1188 3417 e
1219 3366 1481 3423 diametro
1514 3374 1823 3442 pugnantia,
1853 3376 2017 3432 duxe-

430 3454 576 3497 runt.
612 3445 821 3501 Etenim
869 3452 1097 3506 obscura
1137 3470 1355 3524 prorsus
1400 3475 1461 3512 ac
1511 3465 1791 3520 tenebrosa
1844 3469 2016 3539 caligo

430 3548 567 3601 erat,
607 3547 770 3608 atque
817 3542 1105 3601 afﬂictione
1153 3562 1216 3601 ac
1262 3552 1485 3606 tumultu
1542 3562 1682 3609 totus
1731 3557 1819 3613 ille
1867 3561 2013 3617 locus

427 3628 788 3687 redundabut.
832 3633 945 3689 Illic
985 3637 1120 3706 ignis
1151 3639 1337 3694 fornax
1372 3647 1782 3716 accendebatur,
1814 3660 1869 3704 et
1897 3666 2015 3705 car-

428 3723 646 3778 nificum
679 3727 939 3781 vermium
968 3744 1136 3798 genus
1162 3737 1434 3803 serpebat,
1489 3739 1811 3810 ultricesque
1848 3745 2012 3799 virtu-

426 3822 507 3866 tes
534 3814 733 3870 fomaci
766 3819 1069 3873 immineba.
1096 3831 1132 3875 t.
1160 3824 1236 3877 Ac
1266 3828 1509 3880 nonnulli
1544 3831 1793 3885 miserum
1820 3834 1869 3887 iu
1893 3850 2009 3887 mn-

425 3905 553 3959 dum
598 3906 705 3976 igni
733 3909 1041 3978 conﬂagrab
1061 3922 1154 3979 -ut,
1187 3930 1396 3983 voxque
1428 3917 1728 3985 hujusmodi
1757 3923 2009 3979 audieba-

424 4005 512 4050 tur
542 4014 555 4050 :
591 3997 687 4052 illc
711 3999 1094 4055 sceleratorum
1119 4003 1265 4059 locus
1296 4016 1398 4073 est,
1426 4010 1510 4064 inc
1536 4025 1718 4065 eorum
1745 4016 2010 4071 cruciatus

421 4095 513 4163 qui
538 4093 694 4148 laedis
727 4095 938 4164 ﬂagitiis
969 4098 1175 4166 seipsos
1201 4104 1649 4160 contaminarunt.
1682 4106 1809 4163 Post
1832 4118 2007 4163 autem

419 4186 492 4242 ab
522 4187 607 4241 bis
630 4188 718 4255 qui
750 4203 872 4243 eum
908 4188 1037 4243 illuc
1064 4193 1486 4258 introduxerant,
1532 4212 1596 4251 ex
1626 4212 1689 4252 eo
1721 4200 1837 4254 loco
1878 4201 2005 4255 edu-

419 4288 539 4334 ctus
589 4288 693 4334 est.
744 4278 1042 4350 Statimque
1070 4283 1135 4336 ad
1177 4298 1296 4339 sese
1345 4287 1578 4355 rediens,
1624 4299 1734 4344 toto
1779 4308 2006 4361 corpore

417 4376 889 4440 contremiscebat,
921 4377 1278 4449 lacrymmque
1304 4381 1580 4438 ﬂuminum
1612 4386 1779 4441 instar
1818 4402 1882 4443 ex
1926 4389 2006 4458 ip-

2121 3206 2208 3260 tize
2233 3221 2295 3261 ac
2320 3212 2581 3276 passion‘s
2604 3211 2771 3281 ipsius
2794 3216 2971 3285 signo,
2996 3220 3134 3288 quod
3163 3220 3389 3277 Crucem
3412 3227 3712 3294 appellant,

2119 3310 2186 3347 ne
2214 3298 2478 3354 tantillum
2510 3302 2723 3371 quidem
2756 3306 3017 3363 obluctari
3050 3326 3357 3378 pOSSumus.
3405 3316 3537 3371 Nam
3581 3333 3708 3372 cum

2117 3401 2179 3440 ea
2225 3388 2534 3458 effingitur,
2578 3395 2757 3450 statim
2811 3408 3077 3469 quotquot
3118 3404 3259 3457 acris
3311 3408 3587 3475 principes
3645 3428 3711 3464 ac

2117 3478 2299 3531 mundi
2330 3491 2562 3537 rectores
2588 3488 2930 3543 tenebrarum
2958 3506 3141 3546 sumus
3174 3494 3397 3564 (Ep/ter.
3417 3499 3511 3566 vi),
3537 3515 3700 3567 quam

2115 3568 2397 3627 celerrime
2418 3574 2666 3643 fugimus,
2692 3593 2758 3633 ac
2788 3580 2934 3647 prius
2956 3582 3116 3638 etiam
3140 3600 3298 3653 quam
3343 3602 3403 3642 ea
3446 3592 3605 3658 plane
3644 3608 3710 3645 ac

2122 3660 2354 3727 perfecte
2382 3679 2634 3732 expressa
2665 3669 2757 3734 sit,
2790 3672 3185 3739 propulsamur.
3219 3678 3578 3741 Quamobrem
3606 3698 3707 3736 ltus

2117 3751 2330 3815 quidem
2360 3753 2411 3806 in
2446 3754 2588 3811 hunc
2610 3758 2861 3825 juvenem
2893 3763 3090 3832 impetu
3122 3765 3287 3829 facto,
3312 3770 3547 3836 graviter
3572 3788 3699 3826 eum

2116 3842 2569 3912 perturbavimus;
2602 3863 2790 3903 verum
2824 3850 2913 3905 ille
2939 3868 3059 3908 cum
3087 3855 3286 3911 Christi
3320 3873 3476 3927 opem
3512 3863 3704 3930 impli-

2127 3942 2326 3996 rasset,
2364 3948 2425 3986 ac
2451 3937 2625 3991 crucis
2648 3938 2799 4008 signo
2821 3944 3053 4010 seipsum
3078 3948 3415 4017 munivisset,
3445 3967 3542 4005 nos
3564 3952 3704 4006 irato

2110 4023 2290 4076 animo
2317 4026 2568 4093 propulit.
2602 4037 2761 4099 atque
2814 4031 3178 4090 firmissimum
3231 4038 3333 4093 sibi
3390 4044 3699 4110 praesidium

2109 4116 2457 4178 comparavit.
2489 4116 2567 4170 Ac
2620 4121 2841 4186 proinde
2890 4125 3038 4177 nulla
3086 4126 3399 4197 interposita
3432 4148 3579 4187 mora
3612 4136 3701 4189 in-

2108 4208 2458 4259 strumentum
2513 4207 2641 4262 illud
2687 4212 3051 4281 arripuimus,
3101 4218 3253 4287 cujus
3310 4235 3473 4289 opera
3532 4226 3697 4278 etiam

2110 4293 2357 4362 princeps
2403 4306 2586 4352 noster
2641 4301 2871 4369 primum
2919 4304 3189 4361 hominem
3242 4325 3525 4379 aggressus
3573 4324 3692 4384 est,

2108 4398 2337 4451 eumque
2380 4390 2630 4454 potestati
2677 4406 2790 4445 suae
2834 4393 3083 4464 subjecit.
3116 4397 3181 4451 Et
3208 4400 3421 4468 quidem
3452 4402 3693 4471 profecto

418 4465 534 4518 sius
578 4466 747 4520 oculis
792 4467 1055 4536 ﬂuebant;
1103 4481 1261 4539 atque
1311 4472 1485 4529 omnis
1531 4478 1811 4545 impudicre
1860 4479 2003 4534 illius
2033 4470 2080 4530 D
2107 4489 2204 4529 nos
2232 4491 2445 4545 quoque
2471 4494 2657 4534 vanam
2686 4483 3042 4540 adolescentis
3074 4504 3222 4556 spem
3256 4507 3352 4558 pro
3393 4494 3561 4547 nihilo
3593 4497 3694 4549 du-

418 4559 631 4627 puellae,
682 4559 1111 4632 reliquarumque
1154 4563 1402 4631 aliarum,
1434 4567 1785 4635 'pulchritudo
1814 4573 2003 4639 quovis

414 4667 573 4706 emno
600 4662 655 4707 et
682 4653 831 4707 sanie
860 4652 1074 4708 fetidior
1100 4657 1197 4724 ipsi
1230 4658 1342 4712 visa
1386 4668 1500 4727 est;
1549 4664 1914 4732 memoriaque
1938 4680 1999 4718 ea

413 4755 535 4807 quze
564 4740 773 4796 viderat
803 4742 1061 4802 rt-colens.
1095 4753 1205 4798 tum
1238 4747 1498 4803 bonorum
1547 4750 1758 4804 illorum
1800 4752 2002 4821 cupidi-

415 4841 524 4885 tate
557 4844 665 4886 tum
712 4833 956 4887 dolorum
998 4835 1211 4890 illorum
1242 4848 1387 4891 metu
1415 4850 1717 4909 correptus,
1766 4843 1818 4895 in
1862 4844 2000 4897 lecto

410 4920 641 4991 iaCebal,
664 4923 741 4978 sic
762 4922 1005 4988 aﬂ‘ectus,
1034 4937 1089 4977 ut
1120 4926 1261 4979 nulla
1286 4928 1383 4994 ipsi
1410 4930 1728 4999 exsurgendi
1754 4942 1997 5001 potestas

411 5023 572 5068 esset.

487 5103 554 5156 Ut
577 5119 750 5156 autem
776 5105 843 5158 de
872 5106 1096 5162 adversa
1127 5109 1217 5162 filii
1246 5109 1549 5164 valetudine
1570 5111 1634 5163 ad
1667 5128 1845 5183 regem
1872 5116 1999 5167 alia-

411 5206 524 5248 tum
555 5206 657 5259 est,
687 5198 865 5251 statim
897 5202 961 5250 ail
1002 5216 1123 5254 eum
1154 5201 1423 5269 profectus
1456 5203 1705 5270 quidnam
1733 5206 1832 5272 ipsi
1859 5208 1999 5258 acci-

414 5288 584 5341 dissiat
625 5290 1055 5356 pereontabatur.
1111 5295 1202 5347 Ille
1254 5306 1429 5347 autem
1475 5296 1727 5363 quidnam
1779 5297 1998 5353 vidisaet

413 5377 654 5446 exponit,
689 5380 868 5449 aitque
899 5397 910 5431 :
954 5382 1060 5435 Cur
1085 5386 1304 5451 pedibus
1324 5386 1473 5456 meis
1504 5387 1746 5456 laqueum
1777 5392 1995 5457 parasti,

412 5475 469 5521 et
495 5467 783 5522 incurvasti
813 5470 1044 5525 animam
1090 5489 1262 5529 meam
1301 5476 1472 5544 (Psal.
1504 5478 1645 5549 LVI)?
1694 5478 1807 5533 Nisi
1853 5481 1996 5534 enim

413 5557 672 5615 Dominus
699 5562 989 5631 adjuvisset
1032 5582 1136 5627 me.
1186 5568 1341 5634 paulo
1382 5569 1556 5622 minus
1603 5570 1893 5626 habitasset
1942 5572 1993 5624 in

416 5651 625 5709 inferno
649 5655 824 5711 anima
848 5671 962 5712 mea
990 5656 1156 5726 (ΡδαΙ.
1187 5659 1395 5725 xxxix).
1425 5660 1620 5715 Varum
1645 5678 1800 5729 quam
1825 5666 1995 5719 bonus

2104 4570 2386 4637 cebamus;
2412 4588 2597 4627 verum
2619 4576 2684 4628 ad
2708 4579 2965 4633 auxilium
2994 4598 3179 4637 rursus
3202 4585 3402 4640 accitus
3425 4584 3690 4655 Christus,

2104 4661 2338 4715 caelestis
2365 4662 2459 4716 ira:
2491 4665 2595 4734 igni
2640 4681 2738 4720 nos
2766 4680 2981 4723 exustos
3015 4672 3062 4724 in
3093 4674 3267 4737 fugam
3302 4677 3489 4731 vertit.
3514 4680 3691 4744 Quare

2104 4760 2212 4805 stat
2241 4756 2501 4809 sententia
2535 4774 2641 4812 non
2675 4759 2811 4813 ultra
2857 4762 2921 4815 ad
2951 4780 3075 4817 eum
3124 4768 3401 4824 accedere.
3432 4771 3515 4824 Ad
3550 4772 3690 4825 hunc

2104 4844 2311 4898 scilicet
2334 4847 2548 4901 modum
2579 4851 2807 4915 improbi
2836 4854 3055 4923 spiritus
3077 4857 3312 4914 Tlteudzc
3336 4875 3399 4915 ea
3421 4877 3540 4932 qua:
3563 4879 3689 4918 ροη-

2106 4936 2334 5002 tigerant
2360 4943 2637 5008 perSpicue
2666 4943 3038 5002 declararunt.

2176 5026 2293 5080 Rex
2326 5038 2504 5084 autem
2532 5034 2675 5087 omni
2705 5051 2769 5088 ex
2801 5046 2950 5103 parte
2975 5040 3155 5093 animo
3180 5042 3409 5107 haerens,
3438 5045 3689 5097 consilio-

2103 5131 2209 5184 que
2238 5118 2541 5188 destitutus,
2571 5124 2842 5180 Tlteudam
2868 5144 3051 5182 rursus
3080 5134 3327 5195 accersit,
3354 5135 3420 5187 ad
3450 5150 3683 5204 eumque

2104 5211 2218 5263 ait:
2252 5210 2510 5266 Omnibus
2558 5215 2621 5267 iis
2670 5234 2786 5284 quae
2841 5218 3100 5284 docuisti,
3130 5222 3207 5274 vir
3248 5224 3681 5291 sapientissime,

2108 5302 2357 5368 perfectis
2380 5312 2433 5356 et
2455 5306 2734 5369 absolutis,
2762 5309 2888 5362 nihil
2924 5321 3096 5365 tamen
3129 5313 3373 5367 utilitatis
3407 5317 3686 5370 consecuti

2104 5409 2306 5449 sumus.
2338 5397 2487 5451 Nunc
2527 5399 2705 5467 igitur,
2733 5403 2777 5454 si
2809 5402 2946 5469 quod
2975 5403 3065 5456 tibi
3097 5405 3239 5457 aliud
3269 5408 3554 5461 consilium
3588 5424 3681 5462 su-

2106 5498 2305 5554 perest,
2342 5490 2466 5543 illud
2500 5494 2858 5560 experiamur.
2886 5494 3135 5548 Fortasse
3161 5498 3302 5551 enim
3331 5498 3563 5569 aliquam
3591 5500 3686 5553 de-

2107 5576 2335 5641 pellendi
2371 5582 2494 5632 mali
2528 5582 3208 5640 rationem,nanciscemur.

2172 5668 2301 5720 Cum
2335 5680 2508 5725 autem
2539 5671 2785 5727 Theudis
2806 5713 2820 5738 ,
2848 5686 2900 5728 ut
2932 5691 3049 5729 cum
3085 5676 3250 5745 ipsius
3282 5677 3391 5733 filio
3422 5679 3474 5733 in
3511 5679 3679 5737 collo-
