4010 6246
304 306 405 362 560

739 303 896 359 VITA
932 303 1343 361 SANCTURUM
1387 304 1715 361 BARLAAM
1760 301 2088 356 EREMI'I‘IE
2132 304 2217 357 ET
2255 304 2601 361 JOSAPIIAT
2642 307 2851 362 INDIE
2890 307 3116 365 REGIS.

3458 307 3557 363 570

301 422 483 492 quium
511 424 714 475 venit-et
744 422 1000 489 petiisset,
1032 437 1189 475 mane
1220 438 1335 485 rex,
1362 437 1427 475 eo
1451 436 1632 476 secum
1664 435 1871 474 assum-
1909 420 1959 477 Δ
1993 419 2269 485 prudentia
2301 430 2357 474 ct
2385 423 2673 491 sagacitate
2710 425 3001 477 antecellit.
3035 424 3165 477 Illud
3205 439 3346 477 enim
3381 438 3501 477 eum
3534 438 3565 477 ι

302 526 412 583 pte,
443 512 509 565 ad
540 511 812 565 visendum
844 512 1012 566 ﬁlium
1043 512 1416 579 proﬁciscitur.
1442 510 1686 580 Cumque
1716 526 1879 580 prope

301 618 426 659 eum
460 603 816 665 consedisset,
844 618 964 656 eum
993 603 1211 668 alloqui,
1247 618 1308 655 ac
1342 604 1549 669 probris
1598 602 1872 665 insectari,

300 702 458 760 atque
488 692 654 759 ipsius
682 693 1071 746 contumaciam
1104 693 1374 761 animique
1423 694 1746 760 rigiditatem
1788 707 1882 745 ac-

301 797 488 836 cusare
518 781 697 849 cmpit.
721 781 813 834 Illo
839 796 968 835 vero
992 791 1135 835 recta
1165 781 1414 851 dogmata
1438 796 1650 835 rursum
1677 782 1879 838 contir-

302 883 519 935 mante,
547 872 853 940 Christique
892 886 1077 927 amore
1106 872 1237 927 nihil
1268 874 1540 941 antiquius
1573 872 1878 926 habendum

302 981 422 1021 esse
451 967 752 1031 clamante,
794 964 1043 1019 Tlteudas
1085 965 1137 1018 in
1181 964 1412 1019 medium
1456 963 1744 1033 prodiens,
1795 964 1879 1017 his

301 1057 478 1111 verbis
506 1069 630 1110 usus
657 1067 738 1110 est
765 1072 777 1107 :
810 1055 1095 1122 Quidnam,
1125 1070 1157 1109 o
1187 1054 1446 1121 Josapltat
1471 1093 1488 1119 ,
1528 1055 1671 1121 quod
1696 1056 1748 1107 in
1781 1055 1883 1107 im-

303 1146 617 1201 mortalibus
638 1146 739 1199 diis
762 1147 960 1199 nostris
988 1144 1491 1213 reprehendendum
1518 1147 1583 1199 sit
1610 1144 1877 1210 invenisti,

303 1243 361 1290 ut
391 1247 445 1289 tu
478 1236 544 1288 ab
564 1250 749 1290 eorum
792 1236 939 1289 cultu
968 1234 1272 1290 discederes
1293 1278 1307 1303 ,
1340 1248 1403 1288 ac
1436 1236 1576 1303 regis
1605 1235 1775 1300 patris
1807 1235 1880 1288 tui

300 1331 533 1384 animum
592 1330 662 1384 ita
711 1331 1029 1385 oll‘euilenilo
1085 1330 1247 1383 totius
1306 1331 1486 1397 populi
1541 1329 1727 1383 odium
1780 1328 1875 1382 tibi

300 1422 712 1476 commoveres?
748 1431 824 1477 An
850 1438 952 1475 non
979 1421 1049 1475 ab
1076 1422 1142 1475 iis
1172 1422 1335 1476 vitam
1358 1423 1645 1492 accepisti?
1668 1424 1749 1475 An
1774 1436 1880 1475 non

300 1515 395 1585 ipsi
428 1515 566 1584 patri
599 1523 647 1568 te
679 1514 821 1568 dono
850 1514 1134 1579 dederunt,
1166 1514 1362 1568 auditis
1408 1516 1660 1568 videlicet
1710 1516 1877 1583 ipsius

300 1604 572 1671 precibus,
604 1619 774 1673 eoque
804 1605 1098 1659 sterilitatis
1128 1605 1353 1660 vinculis
1392 1605 1602 1660 soluto?
1625 1607 1756 1658 Cum
1788 1621 1881 1657 au-

298 1704 403 1747 tem
437 1695 630 1748 multos
655 1695 838 1747 inanes
860 1709 1157 1755 sermones,
1184 1708 1243 1746 ac
1276 1695 1470 1747 multas
1496 1694 1708 1748 inutiles
1731 1709 1878 1762 qua:-

297 1786 497 1840 stiones
516 1786 601 1838 ille
625 1786 936 1839 inveteratae
963 1785 1326 1853 improbitatis
1350 1785 1510 1837 homo
1532 1794 1873 1852 proponeret,
1909 1772 1956 1831 B

297 1887 453 1944 atque
479 1876 512 1928 d
537 1896 546 1909 -
581 1875 849 1941 Evangelii
872 1875 1251 1943 praedicatione
1273 1886 1589 1944 argumenta
1613 1884 1875 1939 necteret,

299 1966 398 2018 hoc
426 1965 674 2019 videlicet
703 1965 881 2019 animo
908 2005 922 2028 ,
956 1974 1011 2017 ut
1040 1979 1157 2018 eam
1189 1966 1502 2034 suggillaret
1524 2007 1538 2027 ,
1576 1975 1736 2036 atque
1764 1967 1879 2020 ido-

297 2056 470 2108 lorum
502 2056 703 2109 cultum
732 2056 1076 2115 conﬁrmaret
1096 2096 1111 2120 ,
1145 2056 1234 2110 ille
1259 2058 1481 2125 superni
1513 2058 1674 2126 Regis
1706 2057 1878 2122 ﬁlius,

297 2154 459 2211 atque
502 2144 638 2196 illius
670 2146 834 2209 urbis,
858 2160 1019 2213 quam
1052 2162 1155 2199 non
1190 2148 1371 2211 homo,
1418 2147 1513 2201 sed
1559 2147 1704 2202 Deus
1751 2164 1881 2202 con-

297 2232 489 2285 struxit
516 2230 697 2301 (llebr.
732 2233 867 2301 vni).
892 2234 1046 2297 civis,
1083 2244 1424 2303 posteaquam
1453 2250 1575 2289 sese
1603 2237 1879 2305 paulisper

297 2322 671 2386 Continuisset,
702 2332 809 2377 tum
836 2323 1050 2376 demum
1082 2324 1148 2376 ad
1180 2324 1459 2378 Theudam
1481 2326 1553 2378 ait
1580 2342 1594 2377 :

368 2411 526 2475 Audi,
557 2426 589 2463 ο
624 2412 931 2473 imposturte
963 2428 1157 2481 vorago
1180 2454 1193 2475 ,
1228 2428 1292 2467 ac
1326 2414 1687 2482 palpabilibus
1721 2425 1875 2470 tene-

298 2499 404 2551 bris
431 2499 789 2567 caliginosior,
820 2517 1003 2556 semen
1052 2503 1431 2571 Babyiouicum
1453 2544 1467 2569 ,
1492 2513 1654 2571 atque
1678 2504 1876 2558 Chala-

297 2590 427 2643 nica:
478 2591 636 2644 turris
677 2601 1091 2657 exstructorum,
1146 2608 1374 2660 quorum
1428 2608 1588 2648 causa
1638 2596 1872 2649 mundus

296 2680 547 2735 confusus
575 2694 670 2743 t'Sl,
698 2696 863 2750 nepos
894 2680 1047 2751 (Gen.
1080 2686 1192 2752 XI);
1228 2700 1386 2750 vane,
1420 2686 1634 2754 inquam
1660 2726 1676 2751 ,
1717 2696 1877 2754 atque

298 2772 478 2826 infelix
503 2787 687 2836 senex,
712 2775 799 2843 qui
830 2776 1166 2845 gravioribus
1196 2792 1355 2845 quam
1397 2781 1632 2846 quinque
1665 2778 1766 2831 illa:
1796 2780 1877 2830 di-

296 2865 419 2918 vino
448 2865 571 2933 igne
597 2877 949 2921 concremata:
978 2868 1138 2924 urbes
1168 2871 1462 2925 sceleribus
1506 2882 1557 2926 te
1599 2874 1871 2924 constrin-

296 2954 441 3009 xisti.
472 2956 674 3026 Ecquid
722 2956 909 3012 salutis
959 2959 1431 3027 praedicationem,
1481 2978 1573 3029 per
1623 2978 1781 3031 quam
1812 2978 1874 3016 ea

295 3061 414 3115 quae
456 3046 688 3101 tenebris
732 3048 1059 3102 circumfusa
1084 3060 1276 3117 erant,
1308 3050 1481 3104 lucem
1512 3060 1872 3119 acceperunt,

1986 525 2091 577 quo
2118 512 2278 564 alitur
2308 512 2478 570 novit,
2510 520 2567 565 tu
2613 523 2798 566 contra
2840 513 2988 579 ejus,
3042 528 3071 565 a
3110 529 3231 581 quo
3271 530 3335 567 ex
3381 512 3553 567 nihilo

1988 600 2271 667 productus
2301 616 2378 665 es,
2401 601 2658 669 cujusque
2678 603 2940 657 beneﬁcio
2962 603 3094 656 vivis
3118 610 3173 657 et
3193 604 3550 666 conservans,

1986 692 2316 760 ignoratione
2352 693 2586 746 laboras.
2634 694 2711 747 Ae
2741 693 2899 747 deum
2941 694 3177 761 appellas
3207 708 3363 760 quem
3396 698 3557 760 paulo

1982 793 2105 837 ante
2134 782 2276 837 ferro
2304 784 2600 846 verberari,
2632 795 2791 852 atque
2824 800 2943 853 Igne
2971 784 3192 837 conﬂari
3212 824 3225 841 .
3249 793 3304 837 et
3344 781 3553 835 malleis

1985 872 2133 924 tundi
2182 872 2434 940 videbas,
2481 888 2640 941 quem
2694 886 2917 941 argento
2956 883 3115 938 atque
3153 886 3283 925 auro
3321 870 3555 933 cinxisti,

1984 971 2143 1031 atque
2170 979 2198 1016 a
2230 964 2442 1017 terrain
2460 966 2624 1017 altum
2643 963 2903 1018 sustulisti
2927 980 2940 1029 ;
2966 973 3255 1032 posteaque
3281 962 3332 1015 in
3360 971 3555 1015 terram

1983 1058 2216 1124 abjectus
2262 1058 2453 1126 abjecti
2501 1058 2688 1123 lapidis
2733 1059 2987 1126 abjectior
3033 1072 3092 1110 es
3139 1057 3407 1119 adorator,
3441 1069 3548 1107 non

1984 1149 2149 1202 Deum
2179 1148 2428 1212 adorans,
2475 1148 2569 1203 sed
2620 1159 2831 1202 mortua
2870 1158 2923 1202 et
2951 1148 3144 1202 anima:
3174 1145 3414 1212 expertia
3448 1160 3562 1197 ma-

1982 1256 2145 1294 nuum
2173 1250 2379 1294 tuarum
2407 1255 2589 1309 opera.
2619 1241 2730 1294 lmo
2754 1255 2905 1305 vero,
2942 1254 3010 1293 ne
3047 1248 3310 1292 mortuum
3344 1236 3557 1305 quidem

1981 1347 2191 1401 aequum
2237 1341 2319 1387 est
2364 1333 2709 1385 simulacrum
2781 1331 3084 1397 appellare,
3131 1342 3312 1382 verum
3365 1340 3557 1378 novum

1982 1427 2244 1494 quoddam
2274 1442 2336 1480 ac
2360 1436 2503 1480 tanta
2533 1425 2761 1478 amentia
2788 1423 3004 1489 dignum
3038 1437 3233 1475 nomen
3255 1418 3559 1485 excogitare

1984 1533 2078 1585 par
2104 1526 2206 1570 est.
2230 1515 2360 1569 Nam
2390 1514 2627 1582 lapideus
2669 1512 3079 1575 comminuitur,
3121 1518 3390 1564 testaceus
3432 1522 3560 1561 cou-

1985 1610 2245 1677 fringitur,
2274 1607 2482 1676 ligneus
2508 1607 2889 1672 corrumpitur,
2920 1616 3091 1655 teretis
3118 1599 3360 1666 rubigine
3387 1596 3560 1649 inﬁci-

1984 1712 2087 1765 tur,
2113 1714 2305 1753 aureus
2327 1709 2381 1753 et
2399 1709 2683 1766 argenteus
2711 1700 2816 1765 igni
2844 1693 3268 1758 conﬂatur.Quin
3294 1693 3455 1746 etiam
3483 1688 3559 1742 (lii

1983 1794 2055 1847 tui
2085 1792 2276 1861 partim
2303 1791 2496 1860 etiguo
2519 1787 2581 1844 ac
2608 1789 2720 1853 vili,
2753 1788 2943 1855 partim
2974 1798 3187 1839 summo
3219 1783 3393 1851 pretio
3422 1796 3557 1833 ven-

1981 1883 2196 1935 duntur.
2229 1879 2410 1947 Neque
2439 1879 2579 1933 enim
2609 1880 2740 1945 ipsis
2763 1876 3035 1939 divinitas,
3059 1874 3150 1927 sed
3180 1871 3402 1927 matetia
3435 1884 3555 1936 pre-

1981 1973 2113 2024 tium
2142 1970 2249 2022 dat.
2281 1968 2440 2036 Atqui
2478 1968 2641 2020 Deum
2688 1967 2933 2034 quisnam
2983 1978 3166 2017 emere
3197 1971 3286 2015 aut
3323 1962 3561 2015 vendere

1981 2060 2179 2130 queat?
2201 2059 2319 2113 Jam
2339 2071 2566 2125 quonam
2596 2066 2748 2123 pacto
2778 2054 2915 2108 Deus
2945 2054 3241 2121 appellatur
3266 2051 3355 2118 qui
3380 2058 3559 2103 motus

1981 2164 2172 2217 expers
2199 2147 2314 2201 est?
2359 2153 2436 2200 An
2482 2162 2587 2199 nou
2631 2145 2761 2199 illud
2793 2144 2972 2199 cernis
2995 2184 3009 2205 ,
3044 2157 3141 2196 nec
3176 2157 3297 2195 eum
3328 2141 3421 2209 qtti
3452 2148 3558 2192 stat

1982 2256 2210 2308 unquam
2237 2240 2427 2292 sedere
2458 2252 2558 2291 nec
2586 2252 2708 2290 eum
2731 2236 2820 2304 qui
2844 2236 3013 2296 sedet,
3049 2248 3278 2302 unquam
3307 2231 3487 2286 stare?

2052 2330 2254 2384 Pudeat
2281 2339 2351 2394 te,
2380 2341 2414 2380 ο
2444 2341 2665 2381 vecors:
2694 2340 2908 2379 manum
2939 2325 3019 2379 ori
3049 2338 3281 2392 appone,
3314 2337 3348 2377 o
3369 2321 3553 2383 stulte,

1980 2420 2069 2487 qui
2103 2434 2188 2473 res
2216 2415 2516 2484 hujusmodi
2541 2416 2742 2469 lmdas.
2772 2416 2980 2469 Etenim
3004 2429 3031 2467 a
3061 2415 3279 2468 veritate
3307 2428 3550 2478 aversus,

1980 2506 2130 2561 falsis
2154 2506 2374 2575 picturis
2401 2505 2667 2571 deciperis
2697 2519 2858 2572 atque
2892 2505 2942 2557 in
2976 2503 3217 2557 fraudem
3248 2503 3551 2568 induceris,

1978 2612 2181 2655 statuas
2210 2597 2461 2653 videlicet
2485 2598 2773 2665 efﬁngens,
2804 2598 3067 2665 rebusque
3099 2611 3260 2650 manu
3294 2607 3382 2650 tua
3416 2596 3549 2649 effe-

1979 2693 2079 2746 ctis
2112 2691 2202 2745 Dei
2229 2704 2433 2743 nomen
2473 2690 2789 2744 attribueus.
2822 2688 3127 2757 Resipisce,
3169 2690 3353 2750 miser,
3396 2696 3557 2754 atque

1980 2781 2107 2835 illud
2131 2780 2383 2848 intellige,
2418 2789 2471 2834 te
2512 2779 2615 2833 deo
2644 2779 2741 2832 abs
2770 2788 2821 2833 te
2858 2778 2997 2833 facto
3025 2779 3380 2847 antiquiorem
3410 2792 3553 2830 esse.

1977 2872 2139 2940 Cujus
2171 2871 2381 2925 tandem
2408 2870 2601 2924 furoris
2630 2870 2731 2923 ista
2761 2872 2919 2923 sunt?
2953 2869 3183 2922 Hocciue
3209 2867 3305 2921 tibi
3334 2882 3556 2933 persua-

1978 2963 2114 3022 sisti,
2143 2972 2216 3029 te,
2245 2978 2365 3017 cum
2412 2964 2573 3015 homo
2602 2977 2707 3026 sis,
2764 2961 2928 3014 Deum
2977 2961 3190 3015 efﬁcere
3231 2960 3423 3028 posse?
3456 2958 3556 3022 Qui

1979 3054 2191 3109 tandem
2217 3053 2355 3107 istud
2381 3051 2497 3106 lteri
2528 3052 2722 3119 queat?
2754 3050 3013 3115 Quocirca
3043 3064 3152 3103 non
3176 3048 3444 3101 hominem
3474 3046 3555 3100 ef-

296 3154 393 3208 per
416 3153 574 3208 quam
605 3148 847 3193 errantes
872 3140 1011 3193 viam
1046 3141 1382 3206 invenerunt,
1411 3158 1507 3210 per
1532 3158 1689 3211 quam
1714 3145 1748 3196 ii
1778 3143 1873 3212 qui
1900 3127 1949 3189 ο
1983 3146 2119 3209 ﬁcis,
2152 3158 2334 3196 verum
2387 3141 2617 3195 hominis
2663 3151 2756 3194 aut
2799 3141 3094 3207 cujusplam
3124 3137 3409 3190 animantis
3450 3136 3558 3188 fot-

297 3230 585 3297 perierant,
618 3244 681 3284 ac
711 3230 908 3286 misera
939 3232 1199 3287 servitute
1243 3234 1644 3302 premebantur,
1677 3237 1729 3288 in
1765 3236 1873 3302 pri-

296 3322 494 3375 stinum
521 3330 717 3375 Statum
741 3322 972 3376 restituti
1000 3332 1166 3391 sunt,
1195 3325 1404 3377 cavillis
1432 3324 1683 3379 insectari
1716 3340 1877 3379 cona-

296 3408 415 3465 ris?
445 3409 589 3463 Cedo
618 3418 793 3463 utrum
827 3410 1039 3465 tandem
1069 3426 1137 3465 ex
1172 3412 1254 3466 his
1281 3413 1486 3466 duobus
1531 3415 1874 3480 prmstantius

296 3505 396 3562 est,
434 3513 623 3565 nempe
649 3499 1071 3567 omnipotentem
1103 3501 1267 3561 Deum
1297 3518 1416 3555 cum
1442 3505 1712 3572 unigenito
1737 3504 1873 3558 Filio

296 3598 350 3641 et
375 3586 576 3655 Spiritu
606 3600 792 3643 sancto
813 3591 993 3646 colere
1016 3632 1031 3655 ,
1058 3591 1224 3647 Deum
1250 3633 1263 3655 ,
1291 3593 1506 3662 inquam
1524 3635 1539 3659 ,
1575 3596 1872 3649 iucreatum

297 3690 349 3733 et
379 3680 755 3746 immortalem,
786 3682 1047 3737 bonorum
1070 3685 1307 3743 omnium
1343 3685 1567 3753 fontem,
1593 3687 1747 3751 cujus
1776 3702 1875 3741 nec

298 3773 582 3840 imperium
621 3788 682 3826 ac
712 3775 874 3827 robur
907 3777 1215 3841 conjectura
1268 3778 1503 3844 percipi,
1563 3794 1662 3833 nec
1702 3780 1876 3846 gloria

300 3873 480 3918 mente
509 3866 888 3932 comprehendi
925 3878 1115 3933 potest,
1155 3870 1237 3922 cui
1280 3872 1637 3940 angelicorum
1669 3888 1730 3924 ac
1768 3888 1879 3928 cm.-

299 3956 510 4009 lestiunt
535 3956 784 4010 ordinum
818 3959 979 4011 millia
1014 3960 1258 4023 milliutu,
1287 3974 1338 4015 et
1362 3962 1544 4017 decies
1575 3964 1740 4034 318
1763 3966 1880 4018 mil-

294 4045 362 4099 lia
394 4047 619 4099 millium
640 4056 836 4110 astant,
868 4048 1021 4115 cujus
1043 4051 1211 4118 gloria
1241 4053 1432 4106 cmlum
1460 4062 1515 4108 et
1540 4063 1677 4108 terra
1710 4055 1863 4122 plena

295 4146 443 4197 sunt,
476 4149 569 4203 per
611 4151 767 4203 quem
814 4138 993 4191 omnia
1023 4153 1092 4193 ex
1125 4141 1293 4194 niltilo
1332 4143 1381 4194 io
1409 4151 1586 4196 ortum
1619 4146 1878 4210 producta

294 4234 454 4290 sunt,
486 4242 581 4295 per
610 4241 766 4294 quem
798 4228 1027 4283 mundus
1056 4232 1364 4287 continetur
1406 4249 1468 4288 ac
1497 4246 1875 4306 conservatur,

297 4315 571 4385 ipsiusque
596 4317 921 4381 providentia
944 4321 1291 4387 gubernatur,
1316 4324 1498 4379 colere
1520 4339 1583 4378 ac
1609 4329 1874 4393 venerari;

296 4424 362 4461 an
383 4425 510 4463 vero
530 4419 646 4478 pest
667 4411 808 4463 feros
831 4410 1100 4467 daamones
1119 4424 1276 4483 atque
1298 4415 1527 4470 inanima
1557 4416 1867 4484 simulacra,

1981 3251 2143 3300 mam,
2194 3249 2299 3288 non
2343 3233 2541 3302 lingua,
2590 3247 2696 3285 non
2742 3230 3007 3295 faucibus,
3034 3245 3136 3283 non
3166 3229 3408 3293 cerebro,
3444 3241 3549 3279 non

1980 3326 2085 3380 ulla
2113 3324 2287 3393 aliqua
2329 3324 2534 3378 interna
2587 3330 2735 3391 parte
2785 3320 3100 3389 praeditam;
3141 3335 3203 3372 ac
3229 3318 3451 3386 proinde
3481 3334 3549 3369 ne

1981 3416 2208 3471 hominis
2239 3414 2452 3483 quidem
2500 3424 2592 3467 aut
2639 3414 2925 3466 animantis
2964 3410 3259 3464 similitudo
3308 3421 3427 3474 est,
3455 3409 3548 3462 sed

1980 3509 2179 3563 inutilis
2209 3507 2428 3561 omnino
2468 3520 2554 3559 res
2601 3520 2664 3558 ac
2708 3505 2958 3557 vanitatis
2996 3504 3170 3571 plena.
3216 3502 3352 3569 Quid
3394 3501 3552 3569 igitur

1979 3599 2138 3654 rebus
2179 3611 2369 3651 sensus
2400 3595 2707 3661 expertibus
2746 3593 3198 3660 blanuliriﬂQuid
3241 3602 3421 3646 mente
3457 3606 3548 3644 ca-

1979 3688 2215 3744 rentibus
2235 3694 2290 3738 et
2319 3685 2591 3738 inutilibus
2618 3683 2856 3737 assides?
2886 3681 2993 3734 Nisi
3023 3681 3225 3745 latomi,
3264 3691 3352 3733 aut
3375 3681 3556 3734 archi-

1978 3779 2127 3839 tecti,
2148 3785 2241 3830 aut
2263 3775 2589 3829 malleatoris
2615 3790 2701 3827 ars
2725 3774 2960 3834 adesset,
2992 3772 3148 3826 deum
3175 3788 3277 3825 non
3304 3772 3554 3826 haberes.

1980 3867 2087 3920 Nisi
2119 3866 2367 3920 custodes
2391 3875 2585 3935 prasto
2624 3872 2831 3931 essent,
2866 3866 3023 3918 deum
3072 3873 3216 3916 tuum
3255 3864 3551 3917 amisisses.

1980 3958 2111 4011 Nam
2141 3970 2299 4026 quem
2330 3970 2475 4022 saepe
2513 3955 2828 4009 stolidorum
2874 3955 3152 4008 hominum
3183 3954 3555 4023 copiosissima

1982 4050 2106 4103 urbs
2134 4059 2382 4118 tanquam
2408 4048 2594 4113 deum,
2624 4054 2680 4099 ut
2700 4048 2767 4099 ah
2791 4062 2857 4101 eo
2887 4048 3240 4111 custodiatur,
3272 4047 3517 4100 obsecrat
3539 4090 3555 4113 ,

1980 4155 2100 4195 cum
2126 4155 2192 4195 eo
2217 4141 2332 4207 ipso
2382 4140 2534 4208 pauci
2581 4140 2829 4193 custodes
2850 4180 2866 4207 ,
2902 4155 2969 4194 ue
3000 4141 3339 4208 surripiatur,
3362 4150 3557 4194 ‘rema-

1980 4241 2126 4287 nent.
2151 4233 2229 4286 Ac
2253 4231 2297 4286 si
2328 4229 2540 4297 quidem
2571 4244 2634 4284 ex
2661 4239 2885 4297 argento
2908 4230 2990 4284 vel
3020 4245 3150 4284 auro
3180 4239 3414 4295 constet,
3437 4231 3555 4284 dili-

1979 4334 2164 4391 genter
2191 4321 2520 4386 custoditur;
2551 4321 2595 4375 si
2626 4330 2802 4374 autem
2834 4337 2899 4374 ex
2953 4322 3153 4391 lapide,
3201 4330 3293 4375 aut
3330 4323 3512 4389 argilla
3538 4364 3553 4383 .

1979 4423 2071 4467 aut
2105 4413 2206 4467 alia
2236 4412 2463 4480 quadam
2502 4412 2675 4467 viliori
2720 4413 2944 4466 materia
2965 4452 2981 4475 ,
3032 4412 3268 4477 seipsum
3299 4413 3553 4467 custodit.

297 4516 519 4569 quorum
552 4501 667 4555 laus
702 4510 755 4555 et
796 4502 960 4569 glona
1001 4503 1324 4559 adulterium
1353 4517 1457 4571 est,
1485 4522 1549 4561 ac
1583 4524 1871 4575 puerorum
1904 4492 1952 4551 Ι)
1978 4503 2053 4556 lla
2081 4502 2148 4557 de
2174 4510 2350 4556 vestra
2378 4503 2642 4557 sententia
2674 4501 2939 4554 valentior
2968 4507 3051 4553 est
3076 4515 3120 4552 ts
3154 4501 3244 4569 qui
3276 4516 3341 4554 ex
3362 4502 3547 4567 argilla

296 4593 661 4657 constupratio
688 4632 702 4654 ,
732 4601 1030 4661 cmteraque
1061 4595 1256 4663 ﬂagitia
1284 4612 1404 4664 quae
1446 4599 1513 4651 de
1547 4599 1650 4652 diis
1680 4601 1873 4654 vestris

298 4684 350 4737 in
380 4683 774 4753 superstitionis
800 4697 989 4739 vestrae
1012 4687 1367 4743 voluminibus
1389 4692 1687 4759 conscripta
1709 4694 1875 4747 sunt?

365 4767 480 4821 Non
515 4784 605 4822 vos
639 4770 818 4835 pudet,
850 4773 1054 4836 miseri,
1088 4783 1247 4842 atque
1286 4776 1422 4842 ignis
1453 4778 1760 4844 sempiterni
1791 4779 1870 4831 ci-

299 4858 413 4918 bus,
428 4857 803 4927 Chaldaicique
824 4862 1036 4929 generis
1047 4862 1448 4920 similitudinem
1463 4877 1709 4936 gerentes
1735 4884 1749 4932 ;
1767 4884 1871 4922 non

299 4961 412 5012 vos,
442 4949 679 5013 inquam,
712 4960 953 5002 mortuas
979 4957 1182 5005 statuas
1226 4951 1455 5006 humana
1491 4969 1649 5008 manu
1690 4965 1874 5010 extru-

296 5047 407 5089 ctas
431 5036 656 5091 adorare
689 5036 1102 5106 pudet?C-.esum
1126 5042 1267 5095 enim
1292 5042 1519 5108 lapidem
1549 5054 1640 5097 aut
1664 5046 1872 5114 lignum

297 5146 358 5184 ac
383 5129 555 5185 fabrili
585 5142 699 5186 arte
730 5132 970 5199 politum,
999 5132 1158 5186 deum
1185 5136 1503 5203 nuncupatis
1529 5151 1543 5187 :
1570 5151 1634 5190 ac
1674 5138 1873 5193 deinde

296 5221 550 5276 eximium
580 5231 811 5291 taurum,
845 5233 935 5277 aut
959 5225 1100 5278 aliud
1133 5226 1360 5280 fortasse
1390 5243 1455 5280 ex
1489 5228 1874 5293 pulcherrimis

296 5312 552 5383 cujusque
594 5315 807 5383 generis
855 5315 1218 5369 animantibus
1250 5330 1588 5372 assumentes
1611 5359 1627 5382 ,
1660 5330 1873 5373 mortuo

299 5406 524 5465 numini,
556 5420 660 5472 qua
692 5406 957 5459 vaecordia
985 5408 1136 5475 estis,
1172 5407 1479 5462 immolatis.
1515 5412 1685 5478 Atque
1715 5412 1871 5465 victi-

299 5508 381 5547 tua
412 5495 514 5549 deo
539 5505 628 5549 tuo
657 5497 995 5555 praestantior
1022 5507 1123 5551 est.
1158 5497 1288 5551 Nam
1320 5499 1467 5553 illum
1496 5500 1660 5555 homo
1686 5503 1873 5557 elabo-

300 5588 451 5647 ravit,
482 5587 618 5640 Deus
640 5595 817 5641 autem
845 5588 1039 5642 animal
1085 5590 1407 5657 procreavit.
1452 5593 1529 5647 Ac
1581 5601 1867 5659 propterea

302 5678 458 5734 etiam
508 5678 722 5735 brutum
768 5681 962 5736 animal
1012 5692 1063 5737 te
1087 5715 1105 5743 ,
1142 5683 1231 5746 qui
1262 5683 1468 5738 ratione
1488 5681 1748 5748 praeditus
1775 5698 1866 5746 es,

1981 4608 2138 4663 quam
2165 4594 2253 4659 qui
2284 4608 2347 4646 ex
2371 4608 2505 4646 auro
2538 4593 2799 4646 conﬂatus
2827 4599 2931 4644 est.

2053 4682 2134 4737 An
2160 4698 2265 4737 non
2299 4682 2457 4751 igitur
2483 4682 2686 4748 optimo
2711 4681 2827 4749 jure
2856 4695 2953 4734 vos
2981 4681 3171 4734 stultos
3201 4690 3256 4735 et
3282 4696 3456 4735 caecos
3484 4698 3547 4736 ae

1983 4773 2207 4827 stolidos
2227 4773 2472 4826 homines
2506 4771 2737 4825 irridere
2758 4811 2773 4833 ,
2806 4772 2888 4824 vel
2921 4771 3096 4840 potius
3120 4772 3261 4825 luctu
3303 4774 3548 4840 prosequi

1984 4859 2308 4930 possumus?
2331 4861 2524 4928 quippe
2549 4875 2709 4926 opera
2730 4869 2901 4913 vestra
2937 4859 3168 4913 furorem
3194 4863 3367 4928 potius
3390 4875 3546 4928 quam

1986 4955 2234 5022 pietatem
2278 4953 2541 5006 redolent.
2573 4952 2702 5005 Nam
2728 4956 2816 5020 qui
2850 4953 2923 5005 rei
2954 4953 3168 5009 militari
3200 4953 3411 5019 studet,
3442 4962 3551 5005 sta-

1984 5053 2125 5098 tuam
2151 5044 2217 5097 ad
2249 5044 2491 5096 militaris
2536 5044 2735 5109 speciei
2764 5042 3171 5096 similitudinem
3203 5058 3549 5111 expressam,

1980 5150 2045 5189 ac
2070 5144 2217 5189 certo
2246 5135 2362 5187 loco
2394 5134 2636 5202 positam,
2670 5133 2887 5187 Martem
2921 5142 3207 5201 nuncupat.
3241 5134 3339 5198 Qui
3366 5147 3546 5188 autem

1983 5228 2263 5284 mulierum
2292 5242 2474 5280 amore
2502 5227 2569 5280 ad
2598 5227 2856 5280 insaniam
2889 5242 3057 5295 usque
3105 5227 3313 5296 ﬂagrat,
3352 5230 3546 5281 animae

1980 5332 2092 5372 sua:
2138 5317 2478 5384 cupiditatem
2521 5317 2723 5383 pictura
2774 5315 3094 5381 iuformaus,
3151 5316 3334 5370 vitium
3393 5333 3547 5371 suum

1981 5410 2141 5463 deum
2163 5407 2347 5471 efficit,
2379 5406 2600 5461 Veneris
2629 5407 2833 5461 scilicet
2861 5407 3075 5460 nomine
3100 5422 3221 5461 eum
3252 5409 3545 5474 appellans.

1977 5500 2128 5553 Alius
2156 5513 2339 5552 rursus
2370 5498 2692 5551 temulentite
2738 5513 2850 5551 suae
2878 5512 3036 5550 causa
3056 5538 3070 5560 ,
3105 5498 3286 5551 efﬁcto
3321 5498 3548 5551 simula-

1975 5606 2095 5654 cro,
2132 5587 2393 5642 Bacchum
2425 5590 2593 5656 ipsum
2622 5589 2876 5642 nominat.
2915 5588 3220 5656 Eodemque
3241 5589 3396 5642 modo
3420 5585 3553 5639 allo-

1978 5696 2095 5735 ruut
2120 5681 2368 5735 vitiorum
2399 5678 2599 5747 cupidi,
2622 5694 2808 5736 eorum
2831 5680 3114 5736 simulacra
3138 5679 3542 5737 constituerunt,
