4010 6288
410 340 505 397 571

1439 330 1524 386 DE
1566 329 1741 385 VITIS
1781 327 2057 382 PATRUM
2101 324 2299 379 LIBER
2340 323 2610 381 PRIMUS.

3554 320 3657 378 572

409 449 656 517 vitiisque
685 446 798 501 suis
845 445 1066 501 deorum
1117 457 1310 498 nomen
1360 441 1661 509 imponunt.
1698 441 1879 508 anue
1911 439 1977 492 de
2007 443 2058 497 Α
2083 454 2305 507 corpora
2331 448 2504 493 mOrte
2530 439 2703 492 iuncta
2730 452 2759 491 e
2780 434 3041 505 sepulcris
3061 435 3257 491 excitat
3282 433 3657 506 (Lamum).

408 555 566 596 causa
597 538 735 603 apud
767 552 953 593 eorum
994 549 1112 589 aras
1156 534 1454 588 libidinosa:
1506 532 1817 585 saltationes
1867 532 1982 583 exi-

409 639 576 694 stunt,
599 644 660 682 ac
681 626 966 682 meretricii
989 634 1196 688 cantus,
1228 622 1514 689 furiosique
1545 622 1798 688 impetus.
1823 619 1979 685 Quis-

410 735 533 775 nam
563 726 740 772 autem
771 715 1153 770 exsecrandum
1201 726 1384 766 eorum
1415 710 1673 778 ﬂagitium
1727 710 1983 776 deinceps

409 822 831 865 commemorare
860 805 1049 875 queat?
1070 807 1177 858 Aut
1220 803 1338 870 quis
1371 802 1712 855 foedissimam
1745 800 1979 867 ipsorum

410 901 683 957 libidinem
715 899 958 952 oratione
1001 895 1363 962 complements
1386 934 1400 955 ,
1427 907 1488 946 os
1519 907 1673 945 suum
1716 907 1979 961 conSpnr-

410 1007 535 1047 care
559 992 814 1045 sustineat
833 989 855 1041 ?
874 989 1069 1041 .Verum
1104 988 1215 1039 haec
1243 985 1489 1038 omnibus
1517 984 1798 1052 perSpicua
1829 994 1975 1049 sunt,

410 1085 570 1137 etiam
600 1081 642 1135 si
671 1081 767 1147 ipsi
800 1087 1088 1131 taceamus.
1121 1076 1179 1129 lli
1214 1076 1283 1127 tui
1316 1074 1391 1127 dii
1419 1081 1562 1137 sunt,
1593 1088 1625 1125 o
1655 1075 1847 1126 Statnis
1879 1074 1982 1127 tuis

411 1170 674 1240 stupidior
696 1167 937 1222 'l‘heuda.
985 1166 1094 1218 llos
1144 1174 1201 1218 ut
1250 1164 1488 1224 adorem,
1524 1163 1624 1218 hos
1659 1172 1720 1217 ut
1749 1178 1978 1217 venerer

412 1262 687 1315 admones.
706 1259 833 1312 Tuae
856 1255 1089 1324 profecto
1106 1256 1425 1322 improbitati
1442 1269 1504 1309 ac
1516 1257 1691 1309 stultae
1706 1257 1987 1309 sentcntiae

410 1357 824 1405 consentaneum
853 1356 934 1400 est
964 1345 1099 1398 istud
1125 1344 1438 1408 consilium;
1472 1354 1525 1397 at
1549 1344 1738 1397 similis
1770 1346 1898 1411 ipsis
1927 1356 1979 1398 tu

410 1436 529 1503 ﬁas,
559 1446 716 1505 atque
747 1451 933 1488 omnes
957 1435 1043 1503 qui
1076 1433 1349 1488 conﬁdunt
1381 1435 1431 1487 in
1464 1435 1542 1487 eis
1571 1434 1689 1498 (Ps.
1715 1438 1887 1502 cxui).

482 1531 594 1597 Ego
621 1537 797 1582 autem
832 1529 993 1581 Deum
1025 1542 1201 1581 meum
1228 1527 1430 1593 colam,
1467 1541 1655 1595 meque
1686 1536 1854 1580 totum
1886 1526 1985 1594 ipsi

413 1619 769 1683 consecrabo;
806 1620 932 1683 Deo,
968 1619 1210 1686 inquam,
1244 1619 1500 1680 creatori,
1532 1619 1693 1688 319
1717 1634 1778 1671 ac
1808 1634 1982 1671 rerum

413 1709 651 1763 omnium
687 1707 1059 1777 gubernatori,
1096 1723 1190 1775 per
1222 1706 1500 1761 Dominum
1532 1718 1770 1761 nostrum
1803 1709 1981 1762 Jesum

2086 532 2340 593 Rursum,
2370 540 2421 583 ul
2454 532 2612 583 homo
2642 530 2895 594 moritur;
2927 538 2983 583 ut
3031 536 3207 582 autem
3238 526 3401 592 Deus,
3430 526 3660 594 spoliato

2086 621 2313 683 inferno,
2346 622 2410 673 ad
2462 623 2620 672 vitam
2669 621 2825 673 redit.
2873 620 2955 671 0b
2998 619 3157 684 idque
3200 618 3360 671 etiam
3409 616 3665 671 clamavit

2090 707 2729 779 Prophetazlnfernusin
2749 704 3115 759 amaritudine
3138 704 3261 767 fuit,
3284 720 3587 760 occurrens
3609 706 3675 759 ti-

2092 804 2145 857 bi
2180 804 2439 856 deorsum
2465 798 3045 867 (Isa.xrv).Siquidem
3079 797 3133 850 in
3158 797 3527 852 amaritudine
3564 797 3673 851 fuit

2093 905 2257 961 atque
2272 893 2462 945 illusus
2476 899 2580 953 est,
2596 904 2721 943 cum
2735 887 2943 941 nudum
2962 887 3240 941 hominem
3254 902 3374 940 sese
3388 888 3671 956 accepisse

2094 990 2316 1050 putans,
2332 982 2385 1033 in
2402 981 2573 1033 Deum
2593 977 2809 1042 incidit,
2823 993 2887 1032 ac
2902 985 3127 1046 repente
3143 978 3324 1031 inanis
3339 984 3395 1029 et
3411 978 3671 1045 captivus

2085 1070 2308 1124 exstitit.
2341 1070 2585 1137 Resurgit
2611 1070 2786 1138 itaque
2815 1078 2874 1122 ut
2906 1071 3082 1134 Deus;
3142 1078 3301 1138 atque
3344 1068 3397 1122 iu
3443 1068 3660 1134 cmlum,

2086 1160 2227 1215 unde
2256 1162 2401 1215 nullo
2426 1162 2583 1214 modo
2624 1162 2894 1230 digressus
2937 1160 3124 1224 fuerat,
3169 1160 3430 1223 ascendit,
3459 1175 3523 1215 ac
3567 1175 3665 1215 no-

2089 1261 2253 1305 stram
2286 1252 2661 1319 despicabilem
2694 1260 2850 1320 atque
2877 1251 3122 1305 omnibus
3166 1251 3469 1305 inferiorem
3512 1261 3669 1305 natu-

2089 1357 2202 1394 ram
2228 1342 2474 1395 omnibus
2504 1344 2834 1411 Superiorem
2858 1342 3109 1409 reddidit,
3141 1342 3532 1410 immortalique
3553 1343 3666 1411 glo-

2090 1431 2163 1484 ria
2196 1433 2504 1485 rutilantem
2540 1434 2591 1485 in
2623 1434 2806 1500 gloriae
2837 1435 3031 1485 throno
3071 1434 3369 1486 collocavit.
3402 1434 3662 1498 Quidnam

2087 1524 2243 1592 igitur
2304 1524 2427 1577 hinc
2480 1526 2584 1579 Deo
2640 1525 2814 1579 Verbo
2858 1526 3156 1580 detrimemi
3198 1529 3483 1581 conﬂatum
3549 1540 3665 1591 est,

2088 1618 2227 1684 quod
2261 1627 2315 1670 tu
2366 1633 2486 1672 eum
2539 1619 2831 1673 maledictis
2879 1631 3037 1689 atque
3082 1624 3416 1677 contumeliis
3462 1624 3667 1693 insequi

2090 1722 2193 1759 non
2224 1709 2546 1761 erubescis?
2577 1709 2786 1776 Utrum,
2818 1725 3021 1777 quaeso,
3049 1725 3111 1763 ex
3146 1711 3227 1764 his
3276 1714 3479 1768 duobus
3527 1729 3664 1781 prae-

416 1800 715 1865 Cbristum,
746 1815 894 1868 spem
929 1808 1200 1866 nostram,
1236 1816 1329 1867 per
1359 1815 1514 1869 quem
1546 1802 1704 1854 etiam
1734 1802 1795 1853 ad
1828 1802 1988 1854 Iumi-
2022 1789 2065 1845 Β
2092 1799 2319 1851 stantius
2340 1808 2441 1862 est,
2474 1815 2663 1862 nempe
2689 1800 2801 1852 Ιιίῐεο
2824 1801 3090 1866 conﬁteri,
3116 1813 3272 1871 atque
3299 1804 3434 1858 hunc
3462 1806 3657 1859 haurrm

416 1909 541 1948 num
571 1894 782 1948 Patrem
828 1895 879 1947 in
911 1892 1109 1961 Spiritu
1136 1902 1320 1946 sancto
1361 1907 1633 1946 accessum
1685 1892 1985 1955 habuimus,

418 2000 512 2054 per
540 2000 698 2054 quem
731 1986 798 2038 ab
845 1984 1033 2037 acerba
1065 1984 1321 2041 servitute
1352 1983 1404 2036 in
1437 1983 1599 2051 ipsius
1630 1984 1888 2051 sanguine
1930 1983 1992 2035 li-

417 2076 590 2131 berati
615 2089 799 2129 sumus
827 2074 1041 2144 (Ep/res.
1067 2072 1145 2143 ιι).
1177 2073 1284 2126 Nisi
1309 2074 1448 2126 enim
1480 2074 1591 2141 ipse
1634 2073 1794 2126 etiam
1828 2088 1993 2142 usque

416 2171 485 2224 ad
532 2171 778 2224 servilem
837 2170 1057 2222 formam
1107 2184 1224 2222 sese
1276 2168 1556 2233 abiecisset
1612 2167 1837 2237 (Philip.
1873 2170 1984 2239 ιι),

418 2258 817 2327 haudquaquam
845 2258 893 2310 id
924 2259 1194 2311 consecuti
1224 2271 1481 2321 essemus,
1513 2266 1572 2310 ut
1599 2258 1652 2310 in
1692 2258 1830 2312 lilios
1858 2260 1993 2311 ado—

422 2358 714 2417 ptaremur.
745 2349 951 2417 Quippe
984 2358 1165 2402 nostra
1198 2363 1355 2402 causa
1385 2364 1446 2403 se
1478 2350 1593 2417 ipse
1628 2350 1855 2418 abjecit,
1898 2367 1996 2405 nec

422 2439 680 2493 Deitatem
710 2442 947 2507 rapinam
977 2440 1265 2492 arbitratus
1291 2448 1404 2504 est,
1441 2440 1533 2493 sed
1563 2440 1703 2506 quod
1733 2450 1849 2494 erat
1878 2456 1998 2508 per-

423 2533 651 2598 mansit,
685 2542 738 2585 et
766 2532 906 2599 quod
938 2547 1039 2585 non
1066 2540 1179 2585 erat
1207 2532 1513 2600 assumpsit.
1543 2531 1994 2587 Consuetudinem

422 2638 540 2676 cum
589 2623 889 2676 hominibus
936 2622 1117 2675 habuit
1167 2620 1412 2688 (Barucli.
1442 2622 1555 2687 ιιι),
1597 2636 1758 2676 carne
1799 2637 1893 2675 sua
1945 2624 1996 2676 iu

422 2731 629 2769 crucem
659 2716 923 2782 ascendit,
950 2716 1126 2768 triduo
1156 2716 1204 2767 in
1237 2715 1481 2782 sepulcro
1504 2714 1754 2769 conditus
1784 2726 1897 2779 est,
1933 2716 1997 2768 ad

423 2804 620 2859 inferos
649 2806 944 2868 descendit,
971 2806 1092 2859 inde
1114 2821 1207 2859 eos
1228 2821 1359 2875 quos
1385 2806 1483 2858 sub
1509 2814 1728 2875 peccato
1751 2806 1997 2859 venditus

425 2895 720 2952 horrendus
748 2895 929 2949 mundi
964 2899 1204 2963 princeps
1249 2895 1452 2949 vinctos
1503 2895 1749 2957 tenebat,
1791 2894 1996 2950 eduxit.

431 2986 692 3051 Quidnam
742 2984 899 3053 igitur
927 2983 1051 3037 hinc
1080 2984 1383 3038 detrimenti
1428 2984 1577 3048 tulit,
1610 2985 1751 3053 quod
1799 2999 1864 3039 eo
1909 3001 2005 3038 nu-

430 3077 573 3131 mine
598 3090 718 3129 eum
747 3075 898 3129 cavill
922 3091 947 3129 s
978 3076 1222 3129 insectari
1254 3075 1481 3129 vidi-ris?
1505 3080 1583 3129 An
1615 3090 1717 3129 non
1750 3075 2003 3144 perspicis

2095 1888 2473 1957 hominumque
2502 1901 2766 1943 amantem
2792 1891 2955 1945 Deum
2986 1895 3225 1946 venerari
3257 1894 3377 1962 (qui
3397 1895 3657 1961 justitiam

2095 1980 2330 2043 mandat,
2364 1980 2739 2034 continentiam
2791 1981 3051 2048 praecipit,
3098 1985 3371 2051 puritatem
3418 1986 3665 2053 prmscri-

2097 2068 2188 2129 bit,
2216 2069 2280 2121 ad
2311 2068 2727 2123 misericordiam
2760 2086 3079 2140 propensum
3133 2089 3249 2126 esse
3296 2075 3471 2139 docet,
3504 2075 3666 2129 lidetn

2097 2158 2511 2227 praebet,pacem
2538 2160 2807 2225 praedicat,
2845 2162 3069 2229 ipsamet
3095 2165 3289 2217 veritas
3327 2172 3382 2218 et
3424 2164 3669 2217 nomina-

2101 2262 2185 2302 tur
2209 2259 2262 2302 et
2287 2260 2389 2318 est,
2416 2251 2637 2318 ipsamet
2666 2253 2943 2321 charitas),
2972 2254 3621 2323 hunc,inqnam,venerari
3650 2272 3665 2317 ;

2100 2356 2164 2394 an
2193 2350 2378 2395 contra
2407 2342 2679 2411 improbos
2726 2353 2779 2397 et
2826 2344 3069 2414 plurimis
3114 2345 3321 2414 ﬂagitiis
3375 2347 3669 2411 devinctos,

2100 2449 2163 2488 ac
2192 2443 2295 2486 tam
2328 2436 2486 2489 rebus
2514 2435 2642 2502 ipsis
2670 2452 2826 2505 quam
2856 2439 3156 2491 nominibus
3188 2439 3355 2493 ftedos
3382 2450 3435 2494 et
3488 2441 3675 2494 obsceo

2104 2540 2199 2578 nos
2223 2525 2352 2579 deos
2384 2528 2542 2579 tuos?
2574 2527 2664 2581 Vm
2694 2530 2864 2595 vobis,
2892 2545 2922 2583 ο
2952 2528 3094 2583 saxis
3131 2530 3391 2597 duriores,
3424 2543 3478 2586 et
3504 2533 3679 2588 brutis

2105 2618 2446 2681 amantiores,
2472 2627 2630 2686 atque
2652 2618 2800 2672 exitii
2828 2619 2939 2683 lilii,
2969 2634 3029 2672 ac
3053 2620 3386 2675 tenebrarum
3414 2622 3677 2677 ha-redes.

2108 2705 2295 2759 Beatus
2325 2716 2500 2760 autem
2529 2723 2627 2775 ego
2656 2723 2719 2762 ac
2764 2708 3052 2764 Christiani
3102 2727 3306 2775 omnes,
3339 2713 3428 2781 qui
3478 2714 3676 2768 bonum

2106 2811 2168 2849 ac
2199 2797 2479 2867 benignum
2512 2800 2676 2852 Deum
2708 2799 2986 2854 habemus.
3020 2801 3148 2855 Nam
3177 2804 3263 2871 qui
3286 2803 3334 2857 ei
3356 2805 3553 2857 cultum
3583 2806 3683 2858 ad-

2109 2888 2313 2956 hibent,
2346 2889 2554 2942 etiamsi
2578 2890 2643 2943 ad
2674 2889 2836 2944 breve
2864 2891 3075 2960 aliquod
3112 2900 3319 2960 tempus
3352 2895 3402 2946 in
3430 2894 3528 2948 hac
3573 2896 3682 2948 vita

2109 2979 2264 3032 rebus
2291 2979 2527 3034 adversis
2574 2983 2965 3048 conﬂictentur,
2999 2992 3053 3036 at
3101 2982 3456 3039 immortalem
3499 3000 3680 3043 tamen

2111 3071 2373 3124 mercedis
2398 3072 2621 3125 fructum
2651 3073 2701 3127 in
2732 3074 3072 3143 sempiternae
3102 3090 3163 3128 ac
3208 3076 3401 3130 divinte
3450 3077 3683 3133 beatitu-

432 3167 482 3221 in
515 3174 642 3234 quot
669 3165 807 3219 [uada
848 3176 899 3219 et
928 3166 1155 3219 obscona
1188 3166 1300 3217 loca
1331 3166 1506 3220 radios
1532 3180 1658 3221 suos
1686 3167 1765 3221 sol
1813 3168 2006 3222 demit-
2030 3147 2075 3206 ε
2108 3159 2245 3212 ditiis
2273 3175 2435 3225 τθὲητι
2464 3162 2771 3229 Percipient-

435 3268 547 3323 tat,
594 3269 827 3328 quotque
874 3258 1034 3314 fetida
1064 3260 1319 3314 cadavera
1372 3262 1707 3327 conspiciat?
1753 3263 1834 3315 An
1884 3264 2007 3316 hinc

435 3349 607 3403 labem
636 3350 859 3416 aliquam
886 3350 1187 3402 con'rahit?
1218 3353 1294 3402 An
1325 3365 1426 3403 non
1460 3350 1632 3417 potius
1655 3366 1714 3405 ea
1747 3368 1864 3420 quae
1891 3367 2006 3405 sor-

435 3438 557 3491 dida
585 3452 647 3491 ac
675 3435 854 3505 putida
897 3447 1020 3490 sunt
1048 3439 1277 3490 exsiccat
1321 3448 1478 3506 atque
1506 3440 1852 3508 constringit,
1886 3455 2005 3507 qua:

435 3526 719 3593 caliginosa
744 3537 865 3579 sunt
893 3527 1182 3590 illuminat,
1212 3537 1369 3596 atque
1398 3530 1607 3585 interim
1639 3533 1753 3600 ipse
1786 3547 2002 3600 prorsus

436 3619 716 3673 incolumis
739 3632 801 3671 ac
833 3618 964 3672 lab‘s
988 3621 1162 3673 omnis
1187 3635 1378 3688 expers
1404 3623 1615 3675 nianet?
1642 3622 1721 3675 Au
1751 3638 1852 3677 non
1880 3625 2005 3679 item

438 3711 572 3780 ignis
605 3711 834 3775 ferrum,
867 3710 1005 3777 quod
1049 3725 1140 3763 sua
1187 3720 1368 3764 natura
1416 3713 1623 3781 nigrum
1656 3730 1716 3767 ac
1759 3714 2007 3783 frigidum

437 3809 549 3866 est,
581 3814 875 3865 assumens,
912 3813 1128 3865 prorsus
1165 3801 1457 3854 inﬂammat
1497 3811 1655 3870 atque
1683 3805 2008 3870 candefacit,

439 3908 537 3947 nec
579 3893 787 3946 interim
831 3893 951 3946 ferri
984 3893 1333 3959 proprietate;
1376 3893 1478 3945 ulla
1509 3909 1571 3946 ex
1604 3904 1754 3961 parte
1785 3898 2013 3964 recipit?

440 3981 553 4036 Non
597 3983 736 4035 enim
782 3998 846 4034 eo
877 3982 1081 4035 malleis
1112 3991 1333 4035 contuso
1362 3984 1557 4053 aliquid
1592 3990 1886 4055 perpetitur
1924 4000 2015 4043 aut

442 4072 743 4126 detrimenti
776 4074 1059 4141 quidquam
1086 4074 1294 4141 accipit.

512 4163 768 4228 Quocirca
801 4164 843 4214 si
879 4164 991 4216 haec
1033 4179 1151 4232 qua:
1193 4176 1367 4219 creata
1415 4177 1557 4231 sunt,
1587 4184 1813 4237 eamque
1863 4180 2015 4225 natu-

441 4268 554 4308 ram
585 4253 783 4307 habent
813 4264 868 4305 ut
912 4255 1192 4322 aliquando
1222 4257 1505 4323 intereant,
1538 4275 1601 4312 ex
1657 4260 1903 4316 viliorum
1952 4278 2014 4317 ac

441 4343 765 4398 deteriorum
795 4360 969 4397 rerum
1002 4346 1318 4414 contagione
1346 4347 1491 4400 nullo
1522 4349 1861 4403 incommodo
1893 4350 2012 4403 afﬁ-

440 4434 671 4498 ciuntur,
701 4452 799 4502 qua
830 4435 1039 4489 tandem
1071 4438 1293 4500 ratione,
1321 4452 1352 4488 o
1379 4437 1571 4491 stolide
1600 4452 1662 4491 ac
1689 4453 1855 4493 saxeo
1896 4456 2012 4494 cor-

2183 3242 2309 3296 CAP.
2336 3241 2555 3296 XXXII.
2578 3273 2648 3281 —
2672 3244 2820 3297 Dixit
2842 3252 3026 3297 autem
3051 3242 3119 3297 ad
3140 3257 3266 3297 eum
3289 3243 3547 3297 Tbeudas
3570 3261 3582 3295 :
3604 3244 3687 3296 En

2114 3333 2250 3386 illud
2288 3334 2643 3402 perspicuum
2666 3343 2770 3398 est,
2791 3336 2995 3387 multos
3012 3340 3068 3387 et
3090 3349 3317 3404 magnos
3332 3343 3387 3387 et
3408 3335 3691 3403 sapientes

2114 3424 2263 3477 viros
2281 3432 2447 3492 atque
2473 3424 2828 3493 interpretes,
2850 3441 2912 3478 ac
2935 3433 3049 3478 tum
3070 3424 3275 3478 virtute
3293 3433 3407 3478 tum
3428 3422 3687 3477 doctrina

2113 3515 2488 3579 admirabiles,
2506 3516 2826 3585 religionem
2851 3524 3096 3569 nostram
3117 3515 3442 3578 instituisse,
3460 3529 3688 3568 omnes-

2113 3622 2220 3674 que
2237 3607 2388 3660 orbis
2407 3615 2567 3661 terrae
2585 3621 2741 3675 reges
2758 3621 2821 3660 ac
2836 3605 3116 3674 principes
3143 3621 3265 3660 eam
3290 3614 3352 3658 ut
3367 3606 3686 3673 praeclaram

2113 3707 2278 3766 atque
2302 3699 2450 3751 omni
2478 3699 2727 3767 periculo
2747 3713 2978 3752 vacuam
2997 3697 3311 3767 excepisse;
3333 3696 3686 3752 Galilaeorum

2114 3800 2303 3843 contra
2335 3790 2642 3844 doctrinam
2671 3791 2908 3845 rusticos
2936 3793 3203 3859 quosdam
3244 3804 3306 3842 ac
3341 3803 3611 3859 pauperes
3629 3796 3689 3843 et

2112 3883 2356 3952 abjectos
2382 3884 2552 3947 viros,
2586 3898 2792 3951 eosque
2819 3898 3146 3952 perpaucos,
3179 3897 3281 3935 nec
3310 3881 3498 3949 plures
3518 3894 3687 3949 quam

2112 3975 2427 4039 duodecim,
2444 3976 2791 4043 praedicasse.
2813 3976 2952 4029 Num
2974 3976 3140 4044 igitur
3161 3972 3483 4044 ignobilium
3506 3988 3571 4026 ac
3589 3989 3685 4025 ru-

2114 4066 2377 4120 sticorum
2403 4065 2722 4135 praedicatio
2753 4066 3050 4118 multorum
3086 4081 3149 4119 ac
3180 4080 3501 4134 magnorum
3537 4064 3690 4119 viro-

2115 4175 2259 4224 rum,
2275 4158 2480 4227 quique
2496 4167 2643 4212 tanta
2657 4156 3688 4228 sapientiaelaudeﬂorneruut,legibus

2115 4260 2279 4319 atque
2300 4249 2567 4304 institutis
2583 4251 2766 4319 potior
2786 4251 3040 4305 habenda
3061 4252 3176 4305 est?
3202 4249 3343 4316 Quid
3373 4258 3557 4305 autem
3584 4251 3686 4303 ha-

2114 4343 2214 4398 bes
2236 4344 2379 4397 unde
2398 4344 2502 4397 hos
2517 4359 2644 4397 vera
2662 4344 2867 4407 dicere,
2900 4344 3023 4397 illos
3042 4336 3265 4398 mentiri
3296 4344 3646 4397 demonstres
3662 4343 3687 4394 ?

2106 4479 2118 4489 ,
2189 4431 2416 4485 Rursum
2447 4432 2608 4501 igitur
2634 4433 2776 4501 regis
2803 4433 2944 4486 ﬁlius
2975 4435 3251 4502 respondit
3281 4451 3295 4486 :
3325 4435 3518 4488 Asinus
3550 4451 3626 4498 es,
3659 4452 3693 4488 ο

442 4524 510 4579 de
541 4525 681 4592 praed
710 4534 781 4587 te,
815 4525 1035 4579 irridere
1067 4541 1149 4578 me
1181 4525 1375 4579 idcirco
1406 4528 1591 4591 audes,
1626 4530 1765 4597 quod
1818 4531 2000 4585 Filium

2116 4521 2354 4587 Tbeuda,
2382 4532 2437 4577 ut
2463 4523 2565 4577 dici
2595 4524 2752 4589 solet,
2782 4525 2947 4594 lyram
2976 4526 3198 4581 audiens
3245 4525 3289 4595 (l
3309 4527 3390 4595 5),
3421 4537 3577 4595 atque
3607 4528 3692 4579 in-

442 4631 505 4670 ae
533 4617 694 4670 Deum
728 4615 958 4669 Verbum
983 4632 1008 4667 a
1036 4626 1250 4682 paterna
1277 4618 1439 4684 gloria
1467 4618 1608 4670 nullo
1636 4621 1793 4671 modo
1815 4620 2015 4676 disces-

440 4708 596 4774 sisse,
630 4707 721 4761 sed
773 4723 892 4761 cum
943 4706 1081 4760 Deus
1126 4716 1297 4770 esset,
1334 4707 1574 4762 humana:
1620 4710 1808 4765 salutis
1857 4728 2013 4766 causa

441 4814 631 4867 corpus
687 4799 976 4850 humanum
1028 4798 1381 4864 assumpsisse
1426 4798 1635 4864 dicam,
1671 4812 1726 4852 ut
1774 4802 2014 4856 homines

440 4890 630 4943 divinae
661 4903 724 4941 ac
750 4888 1040 4952 spiritualis
1071 4897 1270 4939 naturae
1304 4889 1586 4955 participes
1612 4889 1851 4944 efﬁceret
1873 4932 1887 4953 ,
1921 4907 2014 4944 no-

442 4990 711 5048 stramque
741 4980 1089 5032 substantiam
1122 4995 1184 5031 ex
1217 4979 1577 5033 subterraneis
1611 4980 1803 5034 inferni
1854 4984 2018 5050 parti-

446 5069 541 5121 bus
571 5069 835 5135 eductam,
884 5071 1085 5123 caalesi
1132 5069 1296 5135 gloria
1345 5077 1647 5134 exornaret,
1690 5078 1849 5139 atque
1888 5073 2015 5125 item

446 5167 503 5210 ut
552 5159 890 5212 tenebrarum
950 5160 1107 5225 hujus
1156 5160 1336 5211 smculi
1395 5160 1708 5228 principem,
1760 5173 2018 5229 suscepta:

443 5248 619 5299 carnis
650 5258 899 5316 tanquam
935 5250 1197 5303 illecebris
1225 5250 1536 5319 quibusdam
1588 5252 1878 5304 inescatum
1930 5269 2019 5305 su-

447 5347 676 5404 peraret,
711 5353 981 5405 genusque
1010 5349 1245 5391 nostrum
1277 5357 1337 5392 ex
1370 5340 1531 5406 ipsius
1560 5342 1813 5397 servitute
1843 5358 1905 5395 ac
1937 5353 2016 5411 ty-

449 5425 669 5479 rannide
698 5427 975 5479 liberaret?
1004 5426 1149 5481 llnde
1171 5428 1329 5481 etiam
1357 5431 1525 5482 crucis
1556 5442 1872 5484 tormentum
1901 5433 2014 5485 sine

446 5514 790 5583 perpessione
815 5516 997 5579 subiit,
1030 5517 1159 5571 duas
1191 5519 1436 5573 videlicet
1481 5532 1606 5573 suas
1654 5531 1870 5574 naturas
1916 5522 2011 5575 de-

439 5606 665 5659 claraus.
701 5605 767 5660 Ut
796 5605 935 5659 enim
964 5607 1121 5661 homo
1170 5608 1221 5662 in
1270 5624 1480 5664 crucem
1526 5612 1718 5678 agitur,
1772 5623 1826 5664 ut
1878 5613 2040 5667 Deus.

440 5711 613 5751 autem
644 5697 743 5755 soli
770 5700 1014 5755 tenebras
1041 5699 1280 5768 oll'undit,
1317 5711 1509 5757 terram
1540 5704 1729 5771 quatit,
1761 5719 1823 5757 ac
1850 5706 2013 5759 multa

2119 4616 2360 4668 tellectus
2408 4630 2598 4683 expers
2651 4631 2907 4680 manens;
2974 4618 3078 4681 Vel,
3127 4626 3184 4670 ut
3232 4619 3429 4672 rectius
3486 4619 3691 4688 loquar,

2117 4705 2279 4773 aspis,
2308 4720 2460 4758 aures
2488 4706 2759 4769 obturans,
2795 4722 2861 4761 ne
2895 4708 3152 4776 praeclare
3182 4709 3567 4763 incautauuum
3597 4726 3695 4764 vo-

2119 4810 2234 4848 cem
2265 4795 2518 4848 exaudias
2546 4795 2713 4865 (Psal.
2748 4798 2898 4865 Lvn).
2926 4796 3091 4851 Recte
3121 4797 3279 4866 igitur
3304 4799 3372 4852 de
3414 4808 3467 4852 te
3496 4814 3526 4853 a
3572 4815 3695 4866 pro-

2122 4887 2279 4953 pheta
2310 4886 2509 4939 dictum
2538 4894 2657 4939 est:
2690 4886 2748 4941 Si
2779 4895 2985 4942 mutare
3014 4899 3174 4955 queat
3202 4888 3453 4958 [Ethiops
3501 4892 3694 4957 pellem

2126 4992 2297 5039 suam,
2331 4993 2392 5031 ac
2418 4978 2579 5048 320
2605 4978 2799 5046 pardus
2850 4980 3135 5033 varietates
3185 4996 3329 5047 suas,
3382 4990 3436 5035 tu
3486 4998 3698 5052 quoque

2126 5076 2284 5128 stulte
2313 5084 2366 5127 et
2396 5091 2557 5140 caece,
2591 5076 2903 5130 benefacere
2933 5076 3149 5144 poteris,
3183 5093 3301 5130 cum
3327 5078 3462 5130 mala
3495 5078 3698 5133 didice-

2125 5164 2219 5217 ris.
2270 5164 2406 5230 Quin
2466 5173 2517 5218 te
2564 5166 2644 5217 vis
2684 5165 2918 5218 veritatis
2967 5179 3125 5217 sensu
3172 5164 3370 5219 afﬁcit?
3413 5166 3543 5219 Nam
3597 5166 3700 5227 hoc

2127 5254 2295 5320 ipsum
2320 5236 2459 5322 quod
2486 5256 2583 5318 ais,
2610 5268 2635 5306 a
2662 5254 2839 5309 multis
2859 5255 3154 5308 admirabili
3182 5256 3437 5323 sapientia
3460 5257 3697 5321 przeditis

2127 5345 2253 5398 viris
2287 5344 2513 5398 nefarios
2565 5355 2681 5396 tuos
2741 5344 2916 5397 cultus
2965 5344 3187 5408 laudari,
3238 5355 3395 5413 atque
3436 5360 3466 5399 a
3517 5346 3699 5399 multis

2119 5434 2329 5501 regibus
2367 5435 2700 5499 conﬁrmari,
2747 5444 3035 5501 contraque
3087 5434 3460 5505 Evangelicam
3505 5435 3696 5504 praedi-

2119 5524 2380 5577 cationem
2413 5539 2439 5574 a
2470 5525 2685 5591 paucis,
2716 5525 2884 5593 iisque
2931 5525 3172 5579 obscuris
3214 5526 3342 5581 viris
3388 5526 3689 5595 praedicari,

2122 5612 2169 5665 id
2203 5627 2328 5666 vero
2352 5622 2460 5668 tum
2492 5614 2763 5683 religionis
2795 5622 2989 5668 nostra:
3022 5615 3150 5682 vim,
3184 5626 3293 5669 tum
3322 5615 3689 5685 improborum

2121 5714 2414 5759 vestrorum
2462 5705 2766 5775 dogmatum
2812 5705 3230 5759 imbecillitatem
3277 5720 3338 5760 ac
3403 5706 3693 5775 perniciora
