  <div class='ocr_page' id='page_1' title='image "/cluster/home/n/w/nwhite01/storage/ocr_20150623/73/uva.x000827085/294.png"; bbox 0 0 4010 6266; ppageno 0'>
   <div class='ocr_carea' id='block_1_1' title="bbox 340 310 442 366">
    <p class='ocr_par' dir='ltr' id='par_1_1' title="bbox 340 310 442 366">
     <span class='ocr_line' id='line_1_1' title="bbox 340 310 442 366; baseline -0.059 1"><span class='ocrx_word' id='word_1_1' title='bbox 340 310 442 366; x_wconf 79' lang='grc'><strong>575</strong></span> 
     </span>
    </p>
   </div>
   <div class='ocr_carea' id='block_1_2' title="bbox 821 315 3193 389">
    <p class='ocr_par' dir='ltr' id='par_1_2' title="bbox 821 315 3193 389">
     <span class='ocr_line' id='line_1_2' title="bbox 821 315 3193 389; baseline 0.007 -19"><span class='ocrx_word' id='word_1_2' title='bbox 821 317 979 372; x_wconf 78' lang='lat' dir='ltr'><strong>VITA</strong></span> <span class='ocrx_word' id='word_1_3' title='bbox 1019 317 1425 374; x_wconf 78' lang='lat' dir='ltr'><strong>SANCTORUM</strong></span> <span class='ocrx_word' id='word_1_4' title='bbox 1470 316 1795 373; x_wconf 75' lang='lat' dir='ltr'><strong>BARLAAM</strong></span> <span class='ocrx_word' id='word_1_5' title='bbox 1840 315 2171 371; x_wconf 62' lang='lat' dir='ltr'><strong>EREMITJE</strong></span> <span class='ocrx_word' id='word_1_6' title='bbox 2216 319 2302 373; x_wconf 83' lang='lat' dir='ltr'>ET</span> <span class='ocrx_word' id='word_1_7' title='bbox 2343 322 2684 379; x_wconf 75' lang='lat' dir='ltr'><strong>JOSAPHAT</strong></span> <span class='ocrx_word' id='word_1_8' title='bbox 2723 327 2931 384; x_wconf 69' lang='lat' dir='ltr'><strong>1N1)le</strong></span> <span class='ocrx_word' id='word_1_9' title='bbox 2972 332 3193 389; x_wconf 78' lang='lat' dir='ltr'><strong>REGIS.</strong></span> 
     </span>
    </p>
   </div>
   <div class='ocr_carea' id='block_1_3' title="bbox 3493 336 3596 391">
    <p class='ocr_par' dir='ltr' id='par_1_3' title="bbox 3493 336 3596 391">
     <span class='ocr_line' id='line_1_3' title="bbox 3493 336 3596 391; baseline -0.019 0"><span class='ocrx_word' id='word_1_10' title='bbox 3493 336 3596 391; x_wconf 74' lang='grc'><strong>571</strong></span> 
     </span>
    </p>
   </div>
   <div class='ocr_carea' id='block_1_4' title="bbox 337 426 3590 507">
    <p class='ocr_par' dir='ltr' id='par_1_4' title="bbox 337 426 3590 507">
     <span class='ocr_line' id='line_1_4' title="bbox 337 426 3590 507; baseline 0.006 -22"><span class='ocrx_word' id='word_1_11' title='bbox 337 433 667 486; x_wconf 89' lang='lat' dir='ltr'><strong>demonstrat</strong></span> <span class='ocrx_word' id='word_1_12' title='bbox 702 450 717 486; x_wconf 72' lang='grc' dir='ltr'>ς</span> <span class='ocrx_word' id='word_1_13' title='bbox 748 433 942 501; x_wconf 86' lang='lat' dir='ltr'><strong>quippe</strong></span> <span class='ocrx_word' id='word_1_14' title='bbox 967 447 1086 486; x_wconf 92' lang='lat' dir='ltr'><strong>cum</strong></span> <span class='ocrx_word' id='word_1_15' title='bbox 1134 431 1375 485; x_wconf 95' lang='lat' dir='ltr'><strong>doctrina</strong></span> <span class='ocrx_word' id='word_1_16' title='bbox 1425 443 1633 497; x_wconf 85' lang='lat' dir='ltr'><strong>vestra,</strong></span> <span class='ocrx_word' id='word_1_17' title='bbox 1662 431 1906 500; x_wconf 85' lang='lat' dir='ltr'><strong>quamvis</strong></span> <span class='ocrx_word' id='word_1_18' title='bbox 1933 430 1980 486; x_wconf 85' lang='lat' dir='ltr'><strong>A</strong></span> <span class='ocrx_word' id='word_1_19' title='bbox 2012 426 2147 492; x_wconf 84' lang='lat' dir='ltr'><strong>Quid</strong></span> <span class='ocrx_word' id='word_1_20' title='bbox 2171 429 2237 484; x_wconf 91' lang='lat' dir='ltr'><strong>de</strong></span> <span class='ocrx_word' id='word_1_21' title='bbox 2282 431 2414 497; x_wconf 82' lang='lat' dir='ltr'><strong>ipsis</strong></span> <span class='ocrx_word' id='word_1_22' title='bbox 2444 434 2586 502; x_wconf 89' lang='lat' dir='ltr'><strong>quod</strong></span> <span class='ocrx_word' id='word_1_23' title='bbox 2617 438 2895 503; x_wconf 69' lang='lat' dir='ltr'><strong>praedices,</strong></span> <span class='ocrx_word' id='word_1_24' title='bbox 2959 441 3145 507; x_wconf 84' lang='lat' dir='ltr'><strong>habes,</strong></span> <span class='ocrx_word' id='word_1_25' title='bbox 3215 446 3315 500; x_wconf 90' lang='lat' dir='ltr'><strong>nisi</strong></span> <span class='ocrx_word' id='word_1_26' title='bbox 3365 447 3590 503; x_wconf 90' lang='lat' dir='ltr'><strong>demen-</strong></span> 
     </span>
    </p>
   </div>
   <div class='ocr_carea' id='block_1_5' title="bbox 336 523 1915 593">
    <p class='ocr_par' dir='ltr' id='par_1_5' title="bbox 336 523 1915 593">
     <span class='ocr_line' id='line_1_5' title="bbox 336 523 1915 593; baseline -0.003 -14"><span class='ocrx_word' id='word_1_27' title='bbox 336 523 575 579; x_wconf 91' lang='lat' dir='ltr'><strong>eruditos</strong></span> <span class='ocrx_word' id='word_1_28' title='bbox 598 533 851 593; x_wconf 90' lang='lat' dir='ltr'><strong>patronos</strong></span> <span class='ocrx_word' id='word_1_29' title='bbox 882 539 944 578; x_wconf 91' lang='lat' dir='ltr'><strong>ac</strong></span> <span class='ocrx_word' id='word_1_30' title='bbox 975 523 1157 578; x_wconf 95' lang='lat' dir='ltr'><strong>ﬁrmos</strong></span> <span class='ocrx_word' id='word_1_31' title='bbox 1182 523 1453 591; x_wconf 78' lang='lat' dir='ltr'><strong>adjutores</strong></span> <span class='ocrx_word' id='word_1_32' title='bbox 1484 525 1676 579; x_wconf 84' lang='lat' dir='ltr'><strong>habeat</strong></span> <span class='ocrx_word' id='word_1_33' title='bbox 1698 566 1712 590; x_wconf 95' lang='lat'><strong>,</strong></span> <span class='ocrx_word' id='word_1_34' title='bbox 1766 524 1915 578; x_wconf 87' lang='lat' dir='ltr'><strong>debi-</strong></span> 
     </span>
    </p>
   </div>
   <div class='ocr_carea' id='block_1_6' title="bbox 338 615 1910 684">
    <p class='ocr_par' dir='ltr' id='par_1_6' title="bbox 338 615 1910 684">
     <span class='ocr_line' id='line_1_6' title="bbox 338 615 1910 684; baseline -0.001 -15"><span class='ocrx_word' id='word_1_35' title='bbox 338 616 519 671; x_wconf 89' lang='lat' dir='ltr'><strong>litetur</strong></span> <span class='ocrx_word' id='word_1_36' title='bbox 547 625 724 669; x_wconf 87' lang='lat' dir='ltr'><strong>tamen</strong></span> <span class='ocrx_word' id='word_1_37' title='bbox 752 626 805 669; x_wconf 93' lang='lat' dir='ltr'><strong>et</strong></span> <span class='ocrx_word' id='word_1_38' title='bbox 826 615 1193 684; x_wconf 75' lang='lat' dir='ltr'><strong>exstinguatur</strong></span> <span class='ocrx_word' id='word_1_39' title='bbox 1219 634 1233 681; x_wconf 87' lang='lat'><strong>;</strong></span> <span class='ocrx_word' id='word_1_40' title='bbox 1262 626 1453 668; x_wconf 89' lang='lat' dir='ltr'><strong>nostra.</strong></span> <span class='ocrx_word' id='word_1_41' title='bbox 1492 625 1667 669; x_wconf 90' lang='lat' dir='ltr'><strong>autem</strong></span> <span class='ocrx_word' id='word_1_42' title='bbox 1702 615 1910 682; x_wconf 77' lang='lat' dir='ltr'><strong>religio,</strong></span> 
     </span>
    </p>
   </div>
   <div class='ocr_carea' id='block_1_7' title="bbox 338 704 1916 769">
    <p class='ocr_par' dir='ltr' id='par_1_7' title="bbox 338 704 1916 769">
     <span class='ocr_line' id='line_1_7' title="bbox 338 704 1916 769; baseline -0.001 -10"><span class='ocrx_word' id='word_1_43' title='bbox 338 706 461 759; x_wconf 89' lang='lat' dir='ltr'><strong>licet</strong></span> <span class='ocrx_word' id='word_1_44' title='bbox 487 705 634 761; x_wconf 84' lang='lat' dir='ltr'><strong>omni</strong></span> <span class='ocrx_word' id='word_1_45' title='bbox 667 706 900 759; x_wconf 90' lang='lat' dir='ltr'><strong>humano</strong></span> <span class='ocrx_word' id='word_1_46' title='bbox 927 705 1166 759; x_wconf 91' lang='lat' dir='ltr'><strong>subsidio</strong></span> <span class='ocrx_word' id='word_1_47' title='bbox 1189 716 1385 769; x_wconf 89' lang='lat' dir='ltr'><strong>careat,</strong></span> <span class='ocrx_word' id='word_1_48' title='bbox 1416 708 1529 761; x_wconf 91' lang='lat' dir='ltr'><strong>sole</strong></span> <span class='ocrx_word' id='word_1_49' title='bbox 1579 715 1751 759; x_wconf 89' lang='lat' dir='ltr'><strong>tamen</strong></span> <span class='ocrx_word' id='word_1_50' title='bbox 1802 704 1916 757; x_wconf 85' lang='lat' dir='ltr'><strong>cla-</strong></span> 
     </span>
    </p>
   </div>
   <div class='ocr_carea' id='block_1_8' title="bbox 336 798 1914 869">
    <p class='ocr_par' dir='ltr' id='par_1_8' title="bbox 336 798 1914 869">
     <span class='ocr_line' id='line_1_8' title="bbox 336 798 1914 869; baseline -0.003 -15"><span class='ocrx_word' id='word_1_51' title='bbox 336 802 446 855; x_wconf 71' lang='lat' dir='ltr'><strong>rius</strong></span> <span class='ocrx_word' id='word_1_52' title='bbox 475 799 670 864; x_wconf 87' lang='lat' dir='ltr'><strong>luceat,</strong></span> <span class='ocrx_word' id='word_1_53' title='bbox 702 799 991 869; x_wconf 88' lang='lat' dir='ltr'><strong>orbemque</strong></span> <span class='ocrx_word' id='word_1_54' title='bbox 1019 806 1187 851; x_wconf 88' lang='lat' dir='ltr'><strong>totum</strong></span> <span class='ocrx_word' id='word_1_55' title='bbox 1234 800 1502 867; x_wconf 88' lang='lat' dir='ltr'><strong>occuparit</strong></span> <span class='ocrx_word' id='word_1_56' title='bbox 1532 815 1545 851; x_wconf 92' lang='lat'><strong>:</strong></span> <span class='ocrx_word' id='word_1_57' title='bbox 1594 814 1713 850; x_wconf 91' lang='lat' dir='ltr'><strong>nam</strong></span> <span class='ocrx_word' id='word_1_58' title='bbox 1764 799 1806 851; x_wconf 90' lang='lat' dir='ltr'><strong>si</strong></span> <span class='ocrx_word' id='word_1_59' title='bbox 1847 798 1914 851; x_wconf 90' lang='lat' dir='ltr'><strong>ab</strong></span> 
     </span>
    </p>
   </div>
   <div class='ocr_carea' id='block_1_9' title="bbox 338 889 1916 957">
    <p class='ocr_par' dir='ltr' id='par_1_9' title="bbox 338 889 1916 957">
     <span class='ocr_line' id='line_1_9' title="bbox 338 889 1916 957; baseline -0.002 -12"><span class='ocrx_word' id='word_1_60' title='bbox 338 890 641 945; x_wconf 85' lang='lat' dir='ltr'><strong>oratori-bus</strong></span> <span class='ocrx_word' id='word_1_61' title='bbox 671 898 726 943; x_wconf 89' lang='lat' dir='ltr'><strong>et</strong></span> <span class='ocrx_word' id='word_1_62' title='bbox 755 889 1086 957; x_wconf 87' lang='lat' dir='ltr'><strong>philosophis</strong></span> <span class='ocrx_word' id='word_1_63' title='bbox 1132 889 1299 943; x_wconf 85' lang='lat' dir='ltr'><strong>edita</strong></span> <span class='ocrx_word' id='word_1_64' title='bbox 1326 889 1533 955; x_wconf 77' lang='lat' dir='ltr'><strong>fuisset,</strong></span> <span class='ocrx_word' id='word_1_65' title='bbox 1569 903 1828 955; x_wconf 76' lang='lat' dir='ltr'><strong>regesque</strong></span> <span class='ocrx_word' id='word_1_66' title='bbox 1854 902 1916 943; x_wconf 91' lang='lat' dir='ltr'><strong>ac</strong></span> 
     </span>
    </p>
   </div>
   <div class='ocr_carea' id='block_1_10' title="bbox 342 980 1916 1049">
    <p class='ocr_par' dir='ltr' id='par_1_10' title="bbox 342 980 1916 1049">
     <span class='ocr_line' id='line_1_10' title="bbox 342 980 1916 1049; baseline -0.001 -16"><span class='ocrx_word' id='word_1_67' title='bbox 342 980 606 1049; x_wconf 76' lang='lat' dir='ltr'><strong>principes</strong></span> <span class='ocrx_word' id='word_1_68' title='bbox 654 980 925 1047; x_wconf 85' lang='lat' dir='ltr'><strong>adjutores</strong></span> <span class='ocrx_word' id='word_1_69' title='bbox 972 980 1279 1043; x_wconf 87' lang='lat' dir='ltr'><strong>habuisset,</strong></span> <span class='ocrx_word' id='word_1_70' title='bbox 1328 981 1508 1035; x_wconf 88' lang='lat' dir='ltr'><strong>dicere</strong></span> <span class='ocrx_word' id='word_1_71' title='bbox 1557 981 1799 1041; x_wconf 79' lang='lat' dir='ltr'><strong>fortasse,</strong></span> <span class='ocrx_word' id='word_1_72' title='bbox 1834 981 1916 1031; x_wconf 70' lang='lat' dir='ltr'><strong>vir</strong></span> 
     </span>
    </p>
   </div>
   <div class='ocr_carea' id='block_1_11' title="bbox 339 1071 1913 1139">
    <p class='ocr_par' dir='ltr' id='par_1_11' title="bbox 339 1071 1913 1139">
     <span class='ocr_line' id='line_1_11' title="bbox 339 1071 1913 1139; baseline -0.001 -15"><span class='ocrx_word' id='word_1_73' title='bbox 339 1071 605 1137; x_wconf 85' lang='lat' dir='ltr'><strong>improbe,</strong></span> <span class='ocrx_word' id='word_1_74' title='bbox 644 1072 925 1137; x_wconf 86' lang='lat' dir='ltr'><strong>potuisses,</strong></span> <span class='ocrx_word' id='word_1_75' title='bbox 970 1071 1254 1125; x_wconf 84' lang='lat' dir='ltr'><strong>humanam</strong></span> <span class='ocrx_word' id='word_1_76' title='bbox 1305 1072 1593 1139; x_wconf 86' lang='lat' dir='ltr'><strong>potentiam</strong></span> <span class='ocrx_word' id='word_1_77' title='bbox 1644 1072 1694 1125; x_wconf 91' lang='lat' dir='ltr'><strong>id</strong></span> <span class='ocrx_word' id='word_1_78' title='bbox 1745 1080 1913 1124; x_wconf 90' lang='lat' dir='ltr'><strong>totum</strong></span> 
     </span>
    </p>
   </div>
   <div class='ocr_carea' id='block_1_12' title="bbox 340 1163 1917 1231">
    <p class='ocr_par' dir='ltr' id='par_1_12' title="bbox 340 1163 1917 1231">
     <span class='ocr_line' id='line_1_12' title="bbox 340 1163 1917 1231; baseline -0.001 -16"><span class='ocrx_word' id='word_1_79' title='bbox 340 1163 842 1231; x_wconf 62' lang='lat' dir='ltr'><strong>prmstitisse..Nunc</strong></span> <span class='ocrx_word' id='word_1_80' title='bbox 859 1178 987 1216; x_wconf 91' lang='lat' dir='ltr'><strong>vero</strong></span> <span class='ocrx_word' id='word_1_81' title='bbox 1013 1173 1254 1217; x_wconf 89' lang='lat' dir='ltr'><strong>sanctum</strong></span> <span class='ocrx_word' id='word_1_82' title='bbox 1287 1163 1629 1231; x_wconf 86' lang='lat' dir='ltr'><strong>Evangelinm</strong></span> <span class='ocrx_word' id='word_1_83' title='bbox 1663 1177 1691 1215; x_wconf 90' lang='lat' dir='ltr'><strong>a</strong></span> <span class='ocrx_word' id='word_1_84' title='bbox 1720 1163 1917 1215; x_wconf 85' lang='lat' dir='ltr'><strong>vilibus</strong></span> 
     </span>
    </p>
   </div>
   <div class='ocr_carea' id='block_1_13' title="bbox 340 1254 1917 1323">
    <p class='ocr_par' dir='ltr' id='par_1_13' title="bbox 340 1254 1917 1323">
     <span class='ocr_line' id='line_1_13' title="bbox 340 1254 1917 1323; baseline -0.003 -14"><span class='ocrx_word' id='word_1_85' title='bbox 340 1255 694 1323; x_wconf 87' lang='lat' dir='ltr'><strong>piscatoribus</strong></span> <span class='ocrx_word' id='word_1_86' title='bbox 718 1256 1102 1323; x_wconf 89' lang='lat' dir='ltr'><strong>conscriptum,</strong></span> <span class='ocrx_word' id='word_1_87' title='bbox 1145 1264 1304 1321; x_wconf 86' lang='lat' dir='ltr'><strong>atque</strong></span> <span class='ocrx_word' id='word_1_88' title='bbox 1336 1256 1401 1306; x_wconf 88' lang='lat' dir='ltr'><strong>ab</strong></span> <span class='ocrx_word' id='word_1_89' title='bbox 1446 1254 1689 1307; x_wconf 87' lang='lat' dir='ltr'><strong>omnibus</strong></span> <span class='ocrx_word' id='word_1_90' title='bbox 1735 1264 1917 1323; x_wconf 87' lang='lat' dir='ltr'><strong>tyran-</strong></span> 
     </span>
    </p>
   </div>
   <div class='ocr_carea' id='block_1_14' title="bbox 340 1345 1916 1407">
    <p class='ocr_par' dir='ltr' id='par_1_14' title="bbox 340 1345 1916 1407">
     <span class='ocr_line' id='line_1_14' title="bbox 340 1345 1916 1407; baseline -0.002 -8"><span class='ocrx_word' id='word_1_91' title='bbox 340 1348 422 1400; x_wconf 87' lang='lat' dir='ltr'><strong>nis</strong></span> <span class='ocrx_word' id='word_1_92' title='bbox 451 1359 723 1407; x_wconf 79' lang='lat' dir='ltr'><strong>vexatnm,</strong></span> <span class='ocrx_word' id='word_1_93' title='bbox 759 1345 926 1397; x_wconf 91' lang='lat' dir='ltr'><strong>nihilo</strong></span> <span class='ocrx_word' id='word_1_94' title='bbox 954 1354 1128 1399; x_wconf 88' lang='lat' dir='ltr'><strong>tamen</strong></span> <span class='ocrx_word' id='word_1_95' title='bbox 1164 1345 1340 1399; x_wconf 86' lang='lat' dir='ltr'><strong>secius</strong></span> <span class='ocrx_word' id='word_1_96' title='bbox 1366 1355 1531 1397; x_wconf 91' lang='lat' dir='ltr'><strong>totum</strong></span> <span class='ocrx_word' id='word_1_97' title='bbox 1562 1346 1745 1397; x_wconf 84' lang='lat' dir='ltr'><strong>orbem</strong></span> <span class='ocrx_word' id='word_1_98' title='bbox 1780 1345 1916 1396; x_wconf 86' lang='lat' dir='ltr'><strong>ohti-</strong></span> 
     </span>
    </p>
   </div>
   <div class='ocr_carea' id='block_1_15' title="bbox 338 1435 1913 1507">
    <p class='ocr_par' dir='ltr' id='par_1_15' title="bbox 338 1435 1913 1507">
     <span class='ocr_line' id='line_1_15' title="bbox 338 1435 1913 1507; baseline -0.003 -16"><span class='ocrx_word' id='word_1_99' title='bbox 338 1452 465 1491; x_wconf 89' lang='lat' dir='ltr'><strong>nere</strong></span> <span class='ocrx_word' id='word_1_100' title='bbox 496 1436 823 1505; x_wconf 60' lang='lat' dir='ltr'><strong>pers-piciens</strong></span> <span class='ocrx_word' id='word_1_101' title='bbox 856 1439 872 1501; x_wconf 87' lang='lat'><strong>(</strong></span> <span class='ocrx_word' id='word_1_102' title='bbox 898 1436 950 1489; x_wconf 89' lang='lat' dir='ltr'><strong>in</strong></span> <span class='ocrx_word' id='word_1_103' title='bbox 981 1451 1193 1489; x_wconf 89' lang='lat' dir='ltr'><strong>omnem</strong></span> <span class='ocrx_word' id='word_1_104' title='bbox 1223 1436 1389 1500; x_wconf 92' lang='lat' dir='ltr'><strong>enim,</strong></span> <span class='ocrx_word' id='word_1_105' title='bbox 1420 1438 1598 1504; x_wconf 84' lang='lat' dir='ltr'><strong>inquit</strong></span> <span class='ocrx_word' id='word_1_106' title='bbox 1624 1436 1711 1489; x_wconf 91' lang='lat' dir='ltr'><strong>ille</strong></span> <span class='ocrx_word' id='word_1_107' title='bbox 1741 1435 1913 1507; x_wconf 75' lang='lat' dir='ltr'><strong>[PsaL</strong></span> 
     </span>
    </p>
   </div>
   <div class='ocr_carea' id='block_1_16' title="bbox 336 1522 1916 1593">
    <p class='ocr_par' dir='ltr' id='par_1_16' title="bbox 336 1522 1916 1593">
     <span class='ocr_line' id='line_1_16' title="bbox 336 1522 1916 1593; baseline -0.001 -15"><span class='ocrx_word' id='word_1_108' title='bbox 336 1542 499 1589; x_wconf 77' lang='lat' dir='ltr'><strong>xvut;</strong></span> <span class='ocrx_word' id='word_1_109' title='bbox 536 1526 685 1579; x_wconf 86' lang='lat' dir='ltr'><strong>Rom.</strong></span> <span class='ocrx_word' id='word_1_110' title='bbox 720 1522 794 1593; x_wconf 76' lang='lat' dir='ltr'><strong>x],</strong></span> <span class='ocrx_word' id='word_1_111' title='bbox 827 1534 1021 1578; x_wconf 89' lang='lat' dir='ltr'><strong>terram</strong></span> <span class='ocrx_word' id='word_1_112' title='bbox 1046 1525 1394 1579; x_wconf 83' lang='lat' dir='ltr'><strong>exivitsonus</strong></span> <span class='ocrx_word' id='word_1_113' title='bbox 1424 1539 1638 1587; x_wconf 90' lang='lat' dir='ltr'><strong>eorum,</strong></span> <span class='ocrx_word' id='word_1_114' title='bbox 1672 1535 1725 1577; x_wconf 83' lang='lat' dir='ltr'><strong>ct</strong></span> <span class='ocrx_word' id='word_1_115' title='bbox 1775 1526 1825 1578; x_wconf 90' lang='lat' dir='ltr'><strong>in</strong></span> <span class='ocrx_word' id='word_1_116' title='bbox 1858 1525 1916 1576; x_wconf 88' lang='lat' dir='ltr'><strong>ﬁ-</strong></span> 
     </span>
    </p>
   </div>
   <div class='ocr_carea' id='block_1_17' title="bbox 336 1616 1916 1685">
    <p class='ocr_par' dir='ltr' id='par_1_17' title="bbox 336 1616 1916 1685">
     <span class='ocr_line' id='line_1_17' title="bbox 336 1616 1916 1685; baseline 0 -15"><span class='ocrx_word' id='word_1_117' title='bbox 336 1632 430 1670; x_wconf 91' lang='lat' dir='ltr'><strong>nes</strong></span> <span class='ocrx_word' id='word_1_118' title='bbox 451 1618 596 1671; x_wconf 87' lang='lat' dir='ltr'><strong>orbis</strong></span> <span class='ocrx_word' id='word_1_119' title='bbox 626 1626 781 1671; x_wconf 62' lang='lat' dir='ltr'><strong>terra;</strong></span> <span class='ocrx_word' id='word_1_120' title='bbox 810 1616 966 1670; x_wconf 88' lang='lat' dir='ltr'><strong>verba</strong></span> <span class='ocrx_word' id='word_1_121' title='bbox 995 1616 1224 1685; x_wconf 86' lang='lat' dir='ltr'><strong>eorum),</strong></span> <span class='ocrx_word' id='word_1_122' title='bbox 1260 1616 1382 1683; x_wconf 91' lang='lat' dir='ltr'><strong>quid</strong></span> <span class='ocrx_word' id='word_1_123' title='bbox 1410 1617 1519 1685; x_wconf 88' lang='lat' dir='ltr'><strong>jam</strong></span> <span class='ocrx_word' id='word_1_124' title='bbox 1549 1616 1689 1668; x_wconf 90' lang='lat' dir='ltr'><strong>aliud</strong></span> <span class='ocrx_word' id='word_1_125' title='bbox 1736 1617 1916 1670; x_wconf 89' lang='lat' dir='ltr'><strong>dicere</strong></span> 
     </span>
    </p>
   </div>
   <div class='ocr_carea' id='block_1_18' title="bbox 335 1707 1912 1776">
    <p class='ocr_par' dir='ltr' id='par_1_18' title="bbox 335 1707 1912 1776">
     <span class='ocr_line' id='line_1_18' title="bbox 335 1707 1912 1776; baseline 0 -14"><span class='ocrx_word' id='word_1_126' title='bbox 335 1709 533 1776; x_wconf 86' lang='lat' dir='ltr'><strong>possis,</strong></span> <span class='ocrx_word' id='word_1_127' title='bbox 565 1723 724 1776; x_wconf 85' lang='lat' dir='ltr'><strong>quant</strong></span> <span class='ocrx_word' id='word_1_128' title='bbox 768 1707 1002 1761; x_wconf 84' lang='lat' dir='ltr'><strong>divinam</strong></span> <span class='ocrx_word' id='word_1_129' title='bbox 1041 1716 1097 1761; x_wconf 87' lang='lat' dir='ltr'><strong>et</strong></span> <span class='ocrx_word' id='word_1_130' title='bbox 1135 1707 1382 1762; x_wconf 85' lang='lat' dir='ltr'><strong>invictam</strong></span> <span class='ocrx_word' id='word_1_131' title='bbox 1435 1709 1725 1775; x_wconf 83' lang='lat' dir='ltr'><strong>potentiam</strong></span> <span class='ocrx_word' id='word_1_132' title='bbox 1771 1723 1912 1773; x_wconf 86' lang='lat' dir='ltr'><strong>esse,</strong></span> 
     </span>
    </p>
   </div>
   <div class='ocr_carea' id='block_1_19' title="bbox 2020 518 3592 602">
    <p class='ocr_par' dir='ltr' id='par_1_19' title="bbox 2020 518 3592 602">
     <span class='ocr_line' id='line_1_19' title="bbox 2020 518 3592 602; baseline 0.017 -33"><span class='ocrx_word' id='word_1_133' title='bbox 2020 518 2144 572; x_wconf 90' lang='lat' dir='ltr'><strong>tiam</strong></span> <span class='ocrx_word' id='word_1_134' title='bbox 2200 535 2262 575; x_wconf 88' lang='lat' dir='ltr'><strong>ac</strong></span> <span class='ocrx_word' id='word_1_135' title='bbox 2307 524 2733 592; x_wconf 88' lang='lat' dir='ltr'><strong>turpitudinem,</strong></span> <span class='ocrx_word' id='word_1_136' title='bbox 2785 528 3102 599; x_wconf 91' lang='lat' dir='ltr'><strong>inanemque</strong></span> <span class='ocrx_word' id='word_1_137' title='bbox 3147 546 3338 602; x_wconf 86' lang='lat' dir='ltr'><strong>artem,</strong></span> <span class='ocrx_word' id='word_1_138' title='bbox 3401 539 3592 594; x_wconf 86' lang='lat' dir='ltr'><strong>verbo-</strong></span> 
     </span>
    </p>
   </div>
   <div class='ocr_carea' id='block_1_20' title="bbox 2018 612 3589 687">
    <p class='ocr_par' dir='ltr' id='par_1_20' title="bbox 2018 612 3589 687">
     <span class='ocr_line' id='line_1_20' title="bbox 2018 612 3589 687; baseline 0.012 -25"><span class='ocrx_word' id='word_1_139' title='bbox 2018 627 2133 663; x_wconf 89' lang='lat' dir='ltr'><strong>rum</strong></span> <span class='ocrx_word' id='word_1_140' title='bbox 2164 612 2423 681; x_wconf 81' lang='lat' dir='ltr'><strong>elegantia</strong></span> <span class='ocrx_word' id='word_1_141' title='bbox 2449 616 2646 670; x_wconf 71' lang='lat' dir='ltr'><strong>fmtidae</strong></span> <span class='ocrx_word' id='word_1_142' title='bbox 2674 634 2783 672; x_wconf 78' lang='lat' dir='ltr'><strong>suae</strong></span> <span class='ocrx_word' id='word_1_143' title='bbox 2812 621 3079 687; x_wconf 80' lang='lat' dir='ltr'><strong>religionis</strong></span> <span class='ocrx_word' id='word_1_144' title='bbox 3132 638 3343 679; x_wconf 73' lang='lat' dir='ltr'><strong>menum</strong></span> <span class='ocrx_word' id='word_1_145' title='bbox 3406 639 3589 683; x_wconf 82' lang='lat' dir='ltr'><strong>contc~</strong></span> 
     </span>
    </p>
   </div>
   <div class='ocr_carea' id='block_1_21' title="bbox 2016 707 2266 771">
    <p class='ocr_par' dir='ltr' id='par_1_21' title="bbox 2016 707 2266 771">
     <span class='ocr_line' id='line_1_21' title="bbox 2016 707 2266 771; baseline 0.004 -14"><span class='ocrx_word' id='word_1_146' title='bbox 2016 713 2227 771; x_wconf 81' lang='lat' dir='ltr'><strong>gentem</strong></span> <span class='ocrx_word' id='word_1_147' title='bbox 2248 707 2266 758; x_wconf 69' lang='grc' dir='ltr'>ἴ</span> 
     </span>
    </p>
   </div>
   <div class='ocr_carea' id='block_1_22' title="bbox 2087 797 3591 877">
    <p class='ocr_par' dir='ltr' id='par_1_22' title="bbox 2087 797 3591 877">
     <span class='ocr_line' id='line_1_22' title="bbox 2087 797 3591 877; baseline 0.011 -29"><span class='ocrx_word' id='word_1_148' title='bbox 2087 797 2222 861; x_wconf 89' lang='lat' dir='ltr'><strong>Quin</strong></span> <span class='ocrx_word' id='word_1_149' title='bbox 2272 801 2431 851; x_wconf 88' lang='lat' dir='ltr'><strong>etiam</strong></span> <span class='ocrx_word' id='word_1_150' title='bbox 2463 816 2525 853; x_wconf 81' lang='lat' dir='ltr'><strong>ex</strong></span> <span class='ocrx_word' id='word_1_151' title='bbox 2560 803 2729 868; x_wconf 91' lang='lat' dir='ltr'><strong>poetis</strong></span> <span class='ocrx_word' id='word_1_152' title='bbox 2772 804 2903 864; x_wconf 88' lang='lat' dir='ltr'><strong>tuis,</strong></span> <span class='ocrx_word' id='word_1_153' title='bbox 2937 805 3236 873; x_wconf 77' lang='lat' dir='ltr'><strong>quicunque</strong></span> <span class='ocrx_word' id='word_1_154' title='bbox 3275 807 3341 860; x_wconf 89' lang='lat' dir='ltr'><strong>ab</strong></span> <span class='ocrx_word' id='word_1_155' title='bbox 3393 810 3591 877; x_wconf 79' lang='lat' dir='ltr'><strong>ingenti</strong></span> 
     </span>
    </p>
   </div>
   <div class='ocr_carea' id='block_1_23' title="bbox 2018 886 3591 969">
    <p class='ocr_par' dir='ltr' id='par_1_23' title="bbox 2018 886 3591 969">
     <span class='ocr_line' id='line_1_23' title="bbox 2018 886 3591 969; baseline 0.011 -32"><span class='ocrx_word' id='word_1_156' title='bbox 2018 886 2196 940; x_wconf 81' lang='lat' dir='ltr'><strong>iurore</strong></span> <span class='ocrx_word' id='word_1_157' title='bbox 2225 898 2387 957; x_wconf 90' lang='lat' dir='ltr'><strong>atque</strong></span> <span class='ocrx_word' id='word_1_158' title='bbox 2437 892 2637 946; x_wconf 87' lang='lat' dir='ltr'><strong>insania</strong></span> <span class='ocrx_word' id='word_1_159' title='bbox 2687 896 2771 948; x_wconf 90' lang='lat' dir='ltr'><strong>vel</strong></span> <span class='ocrx_word' id='word_1_160' title='bbox 2804 897 3056 951; x_wconf 89' lang='lat' dir='ltr'><strong>tantolmn</strong></span> <span class='ocrx_word' id='word_1_161' title='bbox 3089 913 3363 967; x_wconf 87' lang='lat' dir='ltr'><strong>emergere</strong></span> <span class='ocrx_word' id='word_1_162' title='bbox 3405 913 3591 969; x_wconf 90' lang='lat' dir='ltr'><strong>potue-</strong></span> 
     </span>
    </p>
   </div>
   <div class='ocr_carea' id='block_1_24' title="bbox 2017 977 3591 1059">
    <p class='ocr_par' dir='ltr' id='par_1_24' title="bbox 2017 977 3591 1059">
     <span class='ocr_line' id='line_1_24' title="bbox 2017 977 3591 1059; baseline 0.013 -33"><span class='ocrx_word' id='word_1_163' title='bbox 2017 984 2163 1041; x_wconf 90' lang='lat' dir='ltr'><strong>runt,</strong></span> <span class='ocrx_word' id='word_1_164' title='bbox 2197 977 2248 1029; x_wconf 89' lang='lat' dir='ltr'><strong>id</strong></span> <span class='ocrx_word' id='word_1_165' title='bbox 2289 979 2429 1045; x_wconf 92' lang='lat' dir='ltr'><strong>quod</strong></span> <span class='ocrx_word' id='word_1_166' title='bbox 2459 981 2634 1033; x_wconf 91' lang='lat' dir='ltr'><strong>verius</strong></span> <span class='ocrx_word' id='word_1_167' title='bbox 2665 994 2777 1034; x_wconf 89' lang='lat' dir='ltr'><strong>erat</strong></span> <span class='ocrx_word' id='word_1_168' title='bbox 2800 984 3065 1049; x_wconf 87' lang='lat' dir='ltr'><strong>dixerunt,</strong></span> <span class='ocrx_word' id='word_1_169' title='bbox 3121 1002 3311 1056; x_wconf 89' lang='lat' dir='ltr'><strong>nempe</strong></span> <span class='ocrx_word' id='word_1_170' title='bbox 3362 1004 3457 1043; x_wconf 91' lang='lat' dir='ltr'><strong>eos</strong></span> <span class='ocrx_word' id='word_1_171' title='bbox 3502 990 3591 1059; x_wconf 84' lang='lat' dir='ltr'><strong>qui</strong></span> 
     </span>
    </p>
   </div>
   <div class='ocr_carea' id='block_1_25' title="bbox 2016 1063 3586 1149">
    <p class='ocr_par' dir='ltr' id='par_1_25' title="bbox 2016 1063 3586 1149">
     <span class='ocr_line' id='line_1_25' title="bbox 2016 1063 3586 1149; baseline 0.012 -33"><span class='ocrx_word' id='word_1_172' title='bbox 2016 1063 2087 1116; x_wconf 90' lang='lat' dir='ltr'><strong>dii</strong></span> <span class='ocrx_word' id='word_1_173' title='bbox 2133 1068 2467 1134; x_wconf 84' lang='lat' dir='ltr'><strong>appellantur</strong></span> <span class='ocrx_word' id='word_1_174' title='bbox 2510 1071 2755 1126; x_wconf 87' lang='lat' dir='ltr'><strong>homines</strong></span> <span class='ocrx_word' id='word_1_175' title='bbox 2804 1077 3074 1131; x_wconf 82' lang='lat' dir='ltr'><strong>exstitisse</strong></span> <span class='ocrx_word' id='word_1_176' title='bbox 3106 1118 3119 1141; x_wconf 93' lang='lat'><strong>,</strong></span> <span class='ocrx_word' id='word_1_177' title='bbox 3194 1095 3255 1132; x_wconf 91' lang='lat' dir='ltr'><strong>ac</strong></span> <span class='ocrx_word' id='word_1_178' title='bbox 3310 1092 3586 1149; x_wconf 86' lang='lat' dir='ltr'><strong>propterea</strong></span> 
     </span>
    </p>
   </div>
   <div class='ocr_carea' id='block_1_26' title="bbox 2018 1155 3587 1238">
    <p class='ocr_par' dir='ltr' id='par_1_26' title="bbox 2018 1155 3587 1238">
     <span class='ocr_line' id='line_1_26' title="bbox 2018 1155 3587 1238; baseline 0.013 -33"><span class='ocrx_word' id='word_1_179' title='bbox 2018 1155 2157 1222; x_wconf 90' lang='lat' dir='ltr'><strong>quod</strong></span> <span class='ocrx_word' id='word_1_180' title='bbox 2211 1157 2427 1222; x_wconf 87' lang='lat' dir='ltr'><strong>quidam</strong></span> <span class='ocrx_word' id='word_1_181' title='bbox 2451 1174 2635 1213; x_wconf 90' lang='lat' dir='ltr'><strong>eorum</strong></span> <span class='ocrx_word' id='word_1_182' title='bbox 2666 1165 2883 1218; x_wconf 91' lang='lat' dir='ltr'><strong>urbibus</strong></span> <span class='ocrx_word' id='word_1_183' title='bbox 2934 1182 2994 1220; x_wconf 91' lang='lat' dir='ltr'><strong>ac</strong></span> <span class='ocrx_word' id='word_1_184' title='bbox 3024 1170 3327 1236; x_wconf 74' lang='lat' dir='ltr'><strong>regionibus</strong></span> <span class='ocrx_word' id='word_1_185' title='bbox 3356 1172 3587 1238; x_wconf 87' lang='lat' dir='ltr'><strong>impera-</strong></span> 
     </span>
    </p>
   </div>
   <div class='ocr_carea' id='block_1_27' title="bbox 2017 1247 3590 1330">
    <p class='ocr_par' dir='ltr' id='par_1_27' title="bbox 2017 1247 3590 1330">
     <span class='ocr_line' id='line_1_27' title="bbox 2017 1247 3590 1330; baseline 0.01 -35"><span class='ocrx_word' id='word_1_186' title='bbox 2017 1252 2160 1307; x_wconf 90' lang='lat' dir='ltr'><strong>runt,</strong></span> <span class='ocrx_word' id='word_1_187' title='bbox 2195 1247 2408 1312; x_wconf 73' lang='lat' dir='ltr'><strong>quidam</strong></span> <span class='ocrx_word' id='word_1_188' title='bbox 2434 1261 2609 1303; x_wconf 89' lang='lat' dir='ltr'><strong>autem</strong></span> <span class='ocrx_word' id='word_1_189' title='bbox 2639 1252 2779 1305; x_wconf 91' lang='lat' dir='ltr'><strong>aliud</strong></span> <span class='ocrx_word' id='word_1_190' title='bbox 2804 1256 3053 1321; x_wconf 82' lang='lat' dir='ltr'><strong>quiddam</strong></span> <span class='ocrx_word' id='word_1_191' title='bbox 3080 1260 3275 1311; x_wconf 90' lang='lat' dir='ltr'><strong>nullius</strong></span> <span class='ocrx_word' id='word_1_192' title='bbox 3322 1276 3453 1330; x_wconf 83' lang='lat' dir='ltr'><strong>pene</strong></span> <span class='ocrx_word' id='word_1_193' title='bbox 3479 1279 3590 1315; x_wconf 83' lang='lat' dir='ltr'><strong>mo.</strong></span> 
     </span>
    </p>
   </div>
   <div class='ocr_carea' id='block_1_28' title="bbox 2018 1336 3587 1409">
    <p class='ocr_par' dir='ltr' id='par_1_28' title="bbox 2018 1336 3587 1409">
     <span class='ocr_line' id='line_1_28' title="bbox 2018 1336 3587 1409; baseline 0.014 -25"><span class='ocrx_word' id='word_1_194' title='bbox 2018 1336 2204 1393; x_wconf 82' lang='lat' dir='ltr'><strong>menti.</strong></span> <span class='ocrx_word' id='word_1_195' title='bbox 2256 1337 2381 1389; x_wconf 92' lang='lat' dir='ltr'><strong>dum</strong></span> <span class='ocrx_word' id='word_1_196' title='bbox 2442 1341 2701 1405; x_wconf 86' lang='lat' dir='ltr'><strong>viverent,</strong></span> <span class='ocrx_word' id='word_1_197' title='bbox 2745 1344 3051 1409; x_wconf 70' lang='lat' dir='ltr'><strong>effecerunt,</strong></span> <span class='ocrx_word' id='word_1_198' title='bbox 3114 1349 3357 1404; x_wconf 90' lang='lat' dir='ltr'><strong>homines</strong></span> <span class='ocrx_word' id='word_1_199' title='bbox 3409 1367 3587 1407; x_wconf 85' lang='lat' dir='ltr'><strong>errore</strong></span> 
     </span>
    </p>
   </div>
   <div class='ocr_carea' id='block_1_29' title="bbox 2016 1422 3587 1508">
    <p class='ocr_par' dir='ltr' id='par_1_29' title="bbox 2016 1422 3587 1508">
     <span class='ocr_line' id='line_1_29' title="bbox 2016 1422 3587 1508; baseline 0.013 -33"><span class='ocrx_word' id='word_1_200' title='bbox 2016 1422 2230 1488; x_wconf 86' lang='lat' dir='ltr'><strong>lapsos,</strong></span> <span class='ocrx_word' id='word_1_201' title='bbox 2284 1429 2503 1482; x_wconf 89' lang='lat' dir='ltr'><strong>deorum</strong></span> <span class='ocrx_word' id='word_1_202' title='bbox 2556 1435 2772 1485; x_wconf 93' lang='lat' dir='ltr'><strong>nomine</strong></span> <span class='ocrx_word' id='word_1_203' title='bbox 2818 1450 2911 1489; x_wconf 89' lang='lat' dir='ltr'><strong>eos</strong></span> <span class='ocrx_word' id='word_1_204' title='bbox 2955 1439 3272 1505; x_wconf 83' lang='lat' dir='ltr'><strong>appellasse.</strong></span> <span class='ocrx_word' id='word_1_205' title='bbox 3325 1441 3587 1508; x_wconf 89' lang='lat' dir='ltr'><strong>Principio</strong></span> 
     </span>
    </p>
   </div>
   <div class='ocr_carea' id='block_1_30' title="bbox 2016 1517 3585 1590">
    <p class='ocr_par' dir='ltr' id='par_1_30' title="bbox 2016 1517 3585 1590">
     <span class='ocr_line' id='line_1_30' title="bbox 2016 1517 3585 1590; baseline 0.011 -21"><span class='ocrx_word' id='word_1_206' title='bbox 2016 1517 2159 1569; x_wconf 89' lang='lat' dir='ltr'><strong>enim</strong></span> <span class='ocrx_word' id='word_1_207' title='bbox 2190 1519 2391 1572; x_wconf 89' lang='lat' dir='ltr'><strong>Serucb</strong></span> <span class='ocrx_word' id='word_1_208' title='bbox 2424 1521 2543 1590; x_wconf 87' lang='grc'><strong>(16)</strong></span> <span class='ocrx_word' id='word_1_209' title='bbox 2603 1523 2691 1577; x_wconf 91' lang='lat' dir='ltr'><strong>ille</strong></span> <span class='ocrx_word' id='word_1_210' title='bbox 2733 1533 2937 1578; x_wconf 83' lang='lat' dir='ltr'><strong>statuas</strong></span> <span class='ocrx_word' id='word_1_211' title='bbox 2973 1529 3238 1583; x_wconf 87' lang='lat' dir='ltr'><strong>invenisse</strong></span> <span class='ocrx_word' id='word_1_212' title='bbox 3290 1530 3585 1586; x_wconf 90' lang='lat' dir='ltr'><strong>litterarum</strong></span> 
     </span>
    </p>
   </div>
   <div class='ocr_carea' id='block_1_31' title="bbox 2017 1610 3588 1690">
    <p class='ocr_par' dir='ltr' id='par_1_31' title="bbox 2017 1610 3588 1690">
     <span class='ocr_line' id='line_1_31' title="bbox 2017 1610 3588 1690; baseline 0.011 -32"><span class='ocrx_word' id='word_1_213' title='bbox 2017 1610 2375 1662; x_wconf 88' lang='lat' dir='ltr'><strong>monumentis</strong></span> <span class='ocrx_word' id='word_1_214' title='bbox 2405 1611 2644 1677; x_wconf 90' lang='lat' dir='ltr'><strong>proditus</strong></span> <span class='ocrx_word' id='word_1_215' title='bbox 2666 1623 2763 1665; x_wconf 89' lang='lat' dir='ltr'><strong>est.</strong></span> <span class='ocrx_word' id='word_1_216' title='bbox 2810 1616 3082 1681; x_wconf 88' lang='lat' dir='ltr'><strong>Siquidem</strong></span> <span class='ocrx_word' id='word_1_217' title='bbox 3116 1632 3208 1671; x_wconf 90' lang='lat' dir='ltr'><strong>eos</strong></span> <span class='ocrx_word' id='word_1_218' title='bbox 3239 1621 3325 1686; x_wconf 90' lang='lat' dir='ltr'><strong>qui</strong></span> <span class='ocrx_word' id='word_1_219' title='bbox 3355 1622 3588 1690; x_wconf 80' lang='lat' dir='ltr'><strong>antiqui-</strong></span> 
     </span>
    </p>
   </div>
   <div class='ocr_carea' id='block_1_32' title="bbox 2018 1696 3588 1778">
    <p class='ocr_par' dir='ltr' id='par_1_32' title="bbox 2018 1696 3588 1778">
     <span class='ocr_line' id='line_1_32' title="bbox 2018 1696 3588 1778; baseline 0.011 -31"><span class='ocrx_word' id='word_1_220' title='bbox 2018 1704 2103 1751; x_wconf 89' lang='lat' dir='ltr'><strong>tus</strong></span> <span class='ocrx_word' id='word_1_221' title='bbox 2127 1696 2207 1749; x_wconf 87' lang='lat' dir='ltr'><strong>vel</strong></span> <span class='ocrx_word' id='word_1_222' title='bbox 2230 1700 2433 1753; x_wconf 92' lang='lat' dir='ltr'><strong>strenui</strong></span> <span class='ocrx_word' id='word_1_223' title='bbox 2459 1702 2639 1765; x_wconf 89' lang='lat' dir='ltr'><strong>animi,</strong></span> <span class='ocrx_word' id='word_1_224' title='bbox 2673 1703 2755 1756; x_wconf 88' lang='lat' dir='ltr'><strong>vel</strong></span> <span class='ocrx_word' id='word_1_225' title='bbox 2781 1704 3049 1769; x_wconf 62' lang='lat' dir='ltr'><strong>amicitiae,</strong></span> <span class='ocrx_word' id='word_1_226' title='bbox 3083 1709 3163 1760; x_wconf 89' lang='lat' dir='ltr'><strong>vel</strong></span> <span class='ocrx_word' id='word_1_227' title='bbox 3194 1710 3485 1778; x_wconf 85' lang='lat' dir='ltr'><strong>cujuspiam</strong></span> <span class='ocrx_word' id='word_1_228' title='bbox 3511 1713 3588 1765; x_wconf 90' lang='lat' dir='ltr'><strong>al-</strong></span> 
     </span>
    </p>
   </div>
   <div class='ocr_carea' id='block_1_33' title="bbox 335 1788 1913 1863">
    <p class='ocr_par' dir='ltr' id='par_1_33' title="bbox 335 1798 1913 1853">
     <span class='ocr_line' id='line_1_33' title="bbox 335 1798 1913 1853; baseline 0 -2"><span class='ocrx_word' id='word_1_229' title='bbox 335 1798 523 1852; x_wconf 85' lang='lat' dir='ltr'><strong>salutis</strong></span> <span class='ocrx_word' id='word_1_230' title='bbox 553 1799 799 1850; x_wconf 72' lang='lat' dir='ltr'><strong>humana:</strong></span> <span class='ocrx_word' id='word_1_231' title='bbox 827 1811 987 1851; x_wconf 89' lang='lat' dir='ltr'><strong>causa</strong></span> <span class='ocrx_word' id='word_1_232' title='bbox 1020 1798 1215 1851; x_wconf 91' lang='lat' dir='ltr'><strong>cultum</strong></span> <span class='ocrx_word' id='word_1_233' title='bbox 1257 1812 1409 1850; x_wconf 91' lang='lat' dir='ltr'><strong>suum</strong></span> <span class='ocrx_word' id='word_1_234' title='bbox 1457 1799 1863 1853; x_wconf 86' lang='lat' dir='ltr'><strong>conﬁrmantem</strong></span> <span class='ocrx_word' id='word_1_235' title='bbox 1892 1801 1913 1851; x_wconf 90' lang='lat'><strong>?</strong></span> 
     </span>
    </p>
   </div>
   <div class='ocr_carea' id='block_1_34' title="bbox 2019 1788 3588 1863">
    <p class='ocr_par' dir='ltr' id='par_1_34' title="bbox 2026 1788 3588 1863">
     <span class='ocr_line' id='line_1_34' title="bbox 2026 1788 3588 1863; baseline 0.008 -24"><span class='ocrx_word' id='word_1_236' title='bbox 2026 1788 2190 1840; x_wconf 88' lang='lat' dir='ltr'><strong>terius</strong></span> <span class='ocrx_word' id='word_1_237' title='bbox 2216 1788 2427 1843; x_wconf 92' lang='lat' dir='ltr'><strong>virtutis</strong></span> <span class='ocrx_word' id='word_1_238' title='bbox 2453 1805 2588 1857; x_wconf 84' lang='lat' dir='ltr'><strong>Opus</strong></span> <span class='ocrx_word' id='word_1_239' title='bbox 2615 1794 2868 1847; x_wconf 87' lang='lat' dir='ltr'><strong>memoria</strong></span> <span class='ocrx_word' id='word_1_240' title='bbox 2905 1794 3118 1862; x_wconf 89' lang='lat' dir='ltr'><strong>dignum</strong></span> <span class='ocrx_word' id='word_1_241' title='bbox 3150 1798 3456 1863; x_wconf 85' lang='lat' dir='ltr'><strong>edidissent,</strong></span> <span class='ocrx_word' id='word_1_242' title='bbox 3482 1811 3588 1854; x_wconf 86' lang='lat' dir='ltr'><strong>sta-</strong></span> 
     </span>
    </p>
   </div>
   <div class='ocr_carea' id='block_1_35' title="bbox 336 1888 1911 1960">
    <p class='ocr_par' dir='ltr' id='par_1_35' title="bbox 336 1888 1911 1960">
     <span class='ocr_line' id='line_1_35' title="bbox 336 1888 1911 1960; baseline 0.004 -21"><span class='ocrx_word' id='word_1_243' title='bbox 336 1888 554 1955; x_wconf 87' lang='lat' dir='ltr'><strong>Ecquod</strong></span> <span class='ocrx_word' id='word_1_244' title='bbox 585 1899 784 1953; x_wconf 91' lang='lat' dir='ltr'><strong>autem,</strong></span> <span class='ocrx_word' id='word_1_245' title='bbox 816 1903 849 1940; x_wconf 87' lang='grc' dir='ltr'>ο</span> <span class='ocrx_word' id='word_1_246' title='bbox 876 1903 1083 1951; x_wconf 87' lang='lat' dir='ltr'><strong>vecors,</strong></span> <span class='ocrx_word' id='word_1_247' title='bbox 1110 1899 1483 1958; x_wconf 81' lang='lat' dir='ltr'><strong>argumentum</strong></span> <span class='ocrx_word' id='word_1_248' title='bbox 1532 1890 1596 1945; x_wconf 90' lang='lat' dir='ltr'><strong>iis</strong></span> <span class='ocrx_word' id='word_1_249' title='bbox 1638 1908 1755 1959; x_wconf 74' lang='lat' dir='ltr'><strong>quze</strong></span> <span class='ocrx_word' id='word_1_250' title='bbox 1801 1892 1911 1960; x_wconf 86' lang='lat' dir='ltr'><strong>jam</strong></span> 
     </span>
    </p>
   </div>
   <div class='ocr_carea' id='block_1_36' title="bbox 335 1978 1910 2049">
    <p class='ocr_par' dir='ltr' id='par_1_36' title="bbox 335 1978 1910 2049">
     <span class='ocr_line' id='line_1_36' title="bbox 335 1978 1910 2049; baseline 0.001 -18"><span class='ocrx_word' id='word_1_251' title='bbox 335 1978 495 2032; x_wconf 86' lang='lat' dir='ltr'><strong>allata</strong></span> <span class='ocrx_word' id='word_1_252' title='bbox 518 1980 992 2049; x_wconf 69' lang='lat' dir='ltr'><strong>suntpraestantius</strong></span> <span class='ocrx_word' id='word_1_253' title='bbox 1019 1980 1237 2048; x_wconf 68' lang='lat' dir='ltr'><strong>quaeris,</strong></span> <span class='ocrx_word' id='word_1_254' title='bbox 1270 1996 1376 2049; x_wconf 92' lang='lat' dir='ltr'><strong>quo</strong></span> <span class='ocrx_word' id='word_1_255' title='bbox 1408 1992 1524 2036; x_wconf 86' lang='lat' dir='ltr'><strong>tuos</strong></span> <span class='ocrx_word' id='word_1_256' title='bbox 1549 1982 1785 2047; x_wconf 89' lang='lat' dir='ltr'><strong>mentiri,</strong></span> <span class='ocrx_word' id='word_1_257' title='bbox 1817 1998 1910 2033; x_wconf 89' lang='lat' dir='ltr'><strong>uo-</strong></span> 
     </span>
    </p>
   </div>
   <div class='ocr_carea' id='block_1_37' title="bbox 335 2067 1912 2140">
    <p class='ocr_par' dir='ltr' id='par_1_37' title="bbox 335 2067 1912 2140">
     <span class='ocr_line' id='line_1_37' title="bbox 335 2067 1912 2140; baseline 0.003 -19"><span class='ocrx_word' id='word_1_258' title='bbox 335 2082 480 2121; x_wconf 79' lang='lat' dir='ltr'><strong>Stros</strong></span> <span class='ocrx_word' id='word_1_259' title='bbox 510 2084 631 2122; x_wconf 85' lang='lat' dir='ltr'><strong>vera</strong></span> <span class='ocrx_word' id='word_1_260' title='bbox 659 2067 798 2138; x_wconf 89' lang='lat' dir='ltr'><strong>loqui</strong></span> <span class='ocrx_word' id='word_1_261' title='bbox 824 2069 1079 2137; x_wconf 81' lang='lat' dir='ltr'><strong>probem?</strong></span> <span class='ocrx_word' id='word_1_262' title='bbox 1108 2070 1236 2123; x_wconf 84' lang='lat' dir='ltr'><strong>Nam</strong></span> <span class='ocrx_word' id='word_1_263' title='bbox 1267 2073 1365 2125; x_wconf 90' lang='lat' dir='ltr'><strong>nisi</strong></span> <span class='ocrx_word' id='word_1_264' title='bbox 1399 2081 1486 2124; x_wconf 91' lang='lat' dir='ltr'><strong>tua</strong></span> <span class='ocrx_word' id='word_1_265' title='bbox 1535 2073 1709 2124; x_wconf 86' lang='lat' dir='ltr'><strong>omnia</strong></span> <span class='ocrx_word' id='word_1_266' title='bbox 1762 2088 1912 2140; x_wconf 65' lang='lat' dir='ltr'><strong>nugae</strong></span> 
     </span>
    </p>
   </div>
   <div class='ocr_carea' id='block_1_38' title="bbox 338 2160 1914 2228">
    <p class='ocr_par' dir='ltr' id='par_1_38' title="bbox 338 2160 1914 2228">
     <span class='ocr_line' id='line_1_38' title="bbox 338 2160 1914 2228; baseline 0.004 -19"><span class='ocrx_word' id='word_1_267' title='bbox 338 2174 400 2211; x_wconf 86' lang='lat' dir='ltr'><strong>ac</strong></span> <span class='ocrx_word' id='word_1_268' title='bbox 433 2160 678 2228; x_wconf 84' lang='lat' dir='ltr'><strong>ﬁgmenta</strong></span> <span class='ocrx_word' id='word_1_269' title='bbox 707 2171 883 2214; x_wconf 89' lang='lat' dir='ltr'><strong>essent</strong></span> <span class='ocrx_word' id='word_1_270' title='bbox 906 2204 919 2227; x_wconf 94' lang='lat'><strong>,</strong></span> <span class='ocrx_word' id='word_1_271' title='bbox 954 2161 1190 2227; x_wconf 84' lang='lat' dir='ltr'><strong>profecto</strong></span> <span class='ocrx_word' id='word_1_272' title='bbox 1219 2178 1339 2216; x_wconf 94' lang='lat' dir='ltr'><strong>cum</strong></span> <span class='ocrx_word' id='word_1_273' title='bbox 1370 2164 1528 2217; x_wconf 88' lang='lat' dir='ltr'><strong>tantis</strong></span> <span class='ocrx_word' id='word_1_274' title='bbox 1561 2164 1806 2216; x_wconf 70' lang='lat' dir='ltr'><strong>ituutauis</strong></span> <span class='ocrx_word' id='word_1_275' title='bbox 1837 2164 1914 2216; x_wconf 91' lang='lat' dir='ltr'><strong>vi-</strong></span> 
     </span>
    </p>
   </div>
   <div class='ocr_carea' id='block_1_39' title="bbox 336 2246 1913 2314">
    <p class='ocr_par' dir='ltr' id='par_1_39' title="bbox 336 2246 1913 2314">
     <span class='ocr_line' id='line_1_39' title="bbox 336 2246 1913 2314; baseline 0.006 -17"><span class='ocrx_word' id='word_1_276' title='bbox 336 2246 486 2299; x_wconf 86' lang='lat' dir='ltr'><strong>ribus</strong></span> <span class='ocrx_word' id='word_1_277' title='bbox 519 2250 775 2314; x_wconf 86' lang='lat' dir='ltr'><strong>nitantur,</strong></span> <span class='ocrx_word' id='word_1_278' title='bbox 807 2249 1024 2304; x_wconf 91' lang='lat' dir='ltr'><strong>minime</strong></span> <span class='ocrx_word' id='word_1_279' title='bbox 1074 2254 1516 2309; x_wconf 83' lang='lat' dir='ltr'><strong>imminuerentur</strong></span> <span class='ocrx_word' id='word_1_280' title='bbox 1561 2269 1623 2307; x_wconf 83' lang='lat' dir='ltr'><strong>ac</strong></span> <span class='ocrx_word' id='word_1_281' title='bbox 1666 2255 1825 2307; x_wconf 88' lang='lat' dir='ltr'><strong>debili</strong></span> <span class='ocrx_word' id='word_1_282' title='bbox 1852 2270 1913 2307; x_wconf 88' lang='lat' dir='ltr'><strong>a-</strong></span> 
     </span>
    </p>
   </div>
   <div class='ocr_carea' id='block_1_40' title="bbox 336 2340 1908 2413">
    <p class='ocr_par' dir='ltr' id='par_1_40' title="bbox 336 2340 1908 2413">
     <span class='ocr_line' id='line_1_40' title="bbox 336 2340 1908 2413; baseline 0.005 -24"><span class='ocrx_word' id='word_1_283' title='bbox 336 2347 545 2391; x_wconf 86' lang='lat' dir='ltr'><strong>reutnr.</strong></span> <span class='ocrx_word' id='word_1_284' title='bbox 580 2340 695 2394; x_wconf 80' lang='lat' dir='ltr'><strong>Vidi</strong></span> <span class='ocrx_word' id='word_1_285' title='bbox 724 2341 888 2407; x_wconf 87' lang='lat' dir='ltr'><strong>enim,</strong></span> <span class='ocrx_word' id='word_1_286' title='bbox 924 2343 1093 2411; x_wconf 92' lang='lat' dir='ltr'><strong>inquit</strong></span> <span class='ocrx_word' id='word_1_287' title='bbox 1123 2342 1233 2407; x_wconf 87' lang='lat' dir='ltr'><strong>ille,</strong></span> <span class='ocrx_word' id='word_1_288' title='bbox 1269 2345 1486 2413; x_wconf 91' lang='lat' dir='ltr'><strong>impium</strong></span> <span class='ocrx_word' id='word_1_289' title='bbox 1517 2347 1908 2412; x_wconf 76' lang='lat' dir='ltr'><strong>superexaltum</strong></span> 
     </span>
    </p>
   </div>
   <div class='ocr_carea' id='block_1_41' title="bbox 335 2430 1908 2500">
    <p class='ocr_par' dir='ltr' id='par_1_41' title="bbox 335 2430 1908 2500">
     <span class='ocr_line' id='line_1_41' title="bbox 335 2430 1908 2500; baseline 0.004 -19"><span class='ocrx_word' id='word_1_290' title='bbox 335 2441 379 2481; x_wconf 89' lang='lat' dir='ltr'><strong>et</strong></span> <span class='ocrx_word' id='word_1_291' title='bbox 416 2430 679 2482; x_wconf 82' lang='lat' dir='ltr'><strong>elevatum</strong></span> <span class='ocrx_word' id='word_1_292' title='bbox 705 2433 841 2484; x_wconf 88' lang='lat' dir='ltr'><strong>sicut</strong></span> <span class='ocrx_word' id='word_1_293' title='bbox 862 2432 1052 2485; x_wconf 87' lang='lat' dir='ltr'><strong>cedros</strong></span> <span class='ocrx_word' id='word_1_294' title='bbox 1080 2432 1261 2486; x_wconf 57' lang='lat' dir='ltr'><strong>Libani</strong></span> <span class='ocrx_word' id='word_1_295' title='bbox 1296 2450 1309 2485; x_wconf 92' lang='lat'><strong>:</strong></span> <span class='ocrx_word' id='word_1_296' title='bbox 1337 2443 1391 2487; x_wconf 94' lang='lat' dir='ltr'><strong>et</strong></span> <span class='ocrx_word' id='word_1_297' title='bbox 1414 2435 1653 2500; x_wconf 84' lang='lat' dir='ltr'><strong>transivi,</strong></span> <span class='ocrx_word' id='word_1_298' title='bbox 1681 2444 1733 2487; x_wconf 91' lang='lat' dir='ltr'><strong>et</strong></span> <span class='ocrx_word' id='word_1_299' title='bbox 1779 2450 1857 2488; x_wconf 72' lang='lat' dir='ltr'><strong>ec:</strong></span> <span class='ocrx_word' id='word_1_300' title='bbox 1878 2450 1908 2488; x_wconf 85' lang='lat' dir='ltr'><strong>c</strong></span> 
     </span>
    </p>
   </div>
   <div class='ocr_carea' id='block_1_42' title="bbox 337 2518 1911 2586">
    <p class='ocr_par' dir='ltr' id='par_1_42' title="bbox 337 2518 1911 2586">
     <span class='ocr_line' id='line_1_42' title="bbox 337 2518 1911 2586; baseline 0.005 -17"><span class='ocrx_word' id='word_1_301' title='bbox 337 2531 439 2571; x_wconf 87' lang='lat' dir='ltr'><strong>non</strong></span> <span class='ocrx_word' id='word_1_302' title='bbox 468 2526 623 2579; x_wconf 85' lang='lat' dir='ltr'><strong>erat;</strong></span> <span class='ocrx_word' id='word_1_303' title='bbox 654 2518 873 2585; x_wconf 63' lang='lat' dir='ltr'><strong>quaesivi</strong></span> <span class='ocrx_word' id='word_1_304' title='bbox 905 2536 1046 2586; x_wconf 93' lang='lat' dir='ltr'><strong>eum,</strong></span> <span class='ocrx_word' id='word_1_305' title='bbox 1074 2530 1129 2575; x_wconf 91' lang='lat' dir='ltr'><strong>et</strong></span> <span class='ocrx_word' id='word_1_306' title='bbox 1177 2537 1280 2575; x_wconf 94' lang='lat' dir='ltr'><strong>non</strong></span> <span class='ocrx_word' id='word_1_307' title='bbox 1334 2532 1417 2576; x_wconf 90' lang='lat' dir='ltr'><strong>est</strong></span> <span class='ocrx_word' id='word_1_308' title='bbox 1465 2524 1714 2577; x_wconf 72' lang='lat' dir='ltr'><strong>invi-ntus</strong></span> <span class='ocrx_word' id='word_1_309' title='bbox 1766 2525 1911 2577; x_wconf 91' lang='lat' dir='ltr'><strong>locus</strong></span> 
     </span>
    </p>
   </div>
   <div class='ocr_carea' id='block_1_43' title="bbox 335 2609 1911 2680">
    <p class='ocr_par' dir='ltr' id='par_1_43' title="bbox 335 2609 1911 2680">
     <span class='ocr_line' id='line_1_43' title="bbox 335 2609 1911 2680; baseline 0.003 -18"><span class='ocrx_word' id='word_1_310' title='bbox 335 2624 446 2676; x_wconf 84' lang='lat' dir='ltr'><strong>ejus</strong></span> <span class='ocrx_word' id='word_1_311' title='bbox 473 2609 642 2676; x_wconf 85' lang='lat' dir='ltr'><strong>(Psal.</strong></span> <span class='ocrx_word' id='word_1_312' title='bbox 674 2620 878 2678; x_wconf 71' lang='lat' dir='ltr'><strong>xxxvn).</strong></span> <span class='ocrx_word' id='word_1_313' title='bbox 907 2611 980 2665; x_wconf 90' lang='lat' dir='ltr'><strong>De</strong></span> <span class='ocrx_word' id='word_1_314' title='bbox 1009 2612 1154 2665; x_wconf 80' lang='lat' dir='ltr'><strong>vobis</strong></span> <span class='ocrx_word' id='word_1_315' title='bbox 1178 2613 1267 2680; x_wconf 91' lang='lat' dir='ltr'><strong>qui</strong></span> <span class='ocrx_word' id='word_1_316' title='bbox 1313 2613 1483 2666; x_wconf 88' lang='lat' dir='ltr'><strong>insani</strong></span> <span class='ocrx_word' id='word_1_317' title='bbox 1507 2613 1769 2666; x_wconf 89' lang='lat' dir='ltr'><strong>idolorum</strong></span> <span class='ocrx_word' id='word_1_318' title='bbox 1800 2616 1911 2667; x_wconf 87' lang='lat' dir='ltr'><strong>Cul-</strong></span> 
     </span>
    </p>
   </div>
   <div class='ocr_carea' id='block_1_44' title="bbox 335 2699 1910 2769">
    <p class='ocr_par' dir='ltr' id='par_1_44' title="bbox 335 2699 1910 2769">
     <span class='ocr_line' id='line_1_44' title="bbox 335 2699 1910 2769; baseline 0.004 -19"><span class='ocrx_word' id='word_1_319' title='bbox 335 2708 418 2752; x_wconf 90' lang='lat' dir='ltr'><strong>tus</strong></span> <span class='ocrx_word' id='word_1_320' title='bbox 451 2709 870 2768; x_wconf 81' lang='lat' dir='ltr'><strong>propugnatores</strong></span> <span class='ocrx_word' id='word_1_321' title='bbox 898 2699 1049 2762; x_wconf 89' lang='lat' dir='ltr'><strong>estis,</strong></span> <span class='ocrx_word' id='word_1_322' title='bbox 1085 2701 1199 2754; x_wconf 67' lang='lat' dir='ltr'><strong>hinc</strong></span> <span class='ocrx_word' id='word_1_323' title='bbox 1226 2701 1361 2754; x_wconf 82' lang='lat' dir='ltr'><strong>dixit</strong></span> <span class='ocrx_word' id='word_1_324' title='bbox 1412 2702 1671 2769; x_wconf 84' lang='lat' dir='ltr'><strong>Propheta</strong></span> <span class='ocrx_word' id='word_1_325' title='bbox 1728 2720 1739 2753; x_wconf 89' lang='lat'><strong>:</strong></span> <span class='ocrx_word' id='word_1_326' title='bbox 1791 2704 1910 2757; x_wconf 80' lang='lat' dir='ltr'><strong>Jam</strong></span> 
     </span>
    </p>
   </div>
   <div class='ocr_carea' id='block_1_45' title="bbox 335 2789 1912 2859">
    <p class='ocr_par' dir='ltr' id='par_1_45' title="bbox 335 2789 1912 2859">
     <span class='ocr_line' id='line_1_45' title="bbox 335 2789 1912 2859; baseline 0.006 -21"><span class='ocrx_word' id='word_1_327' title='bbox 335 2789 547 2859; x_wconf 78' lang='lat' dir='ltr'><strong>jamque</strong></span> <span class='ocrx_word' id='word_1_328' title='bbox 574 2790 737 2855; x_wconf 92' lang='lat' dir='ltr'><strong>enim,</strong></span> <span class='ocrx_word' id='word_1_329' title='bbox 768 2800 823 2845; x_wconf 88' lang='lat' dir='ltr'><strong>et</strong></span> <span class='ocrx_word' id='word_1_330' title='bbox 869 2805 972 2843; x_wconf 91' lang='lat' dir='ltr'><strong>non</strong></span> <span class='ocrx_word' id='word_1_331' title='bbox 1022 2793 1321 2845; x_wconf 87' lang='lat' dir='ltr'><strong>invenietur</strong></span> <span class='ocrx_word' id='word_1_332' title='bbox 1371 2790 1534 2859; x_wconf 88' lang='lat' dir='ltr'><strong>ipsius</strong></span> <span class='ocrx_word' id='word_1_333' title='bbox 1584 2793 1773 2858; x_wconf 88' lang='lat' dir='ltr'><strong>locus;</strong></span> <span class='ocrx_word' id='word_1_334' title='bbox 1818 2794 1912 2847; x_wconf 89' lang='lat' dir='ltr'><strong>sed</strong></span> 
     </span>
    </p>
   </div>
   <div class='ocr_carea' id='block_1_46' title="bbox 334 2879 1913 2950">
    <p class='ocr_par' dir='ltr' id='par_1_46' title="bbox 334 2879 1913 2950">
     <span class='ocr_line' id='line_1_46' title="bbox 334 2879 1913 2950; baseline 0.003 -19"><span class='ocrx_word' id='word_1_335' title='bbox 334 2879 471 2932; x_wconf 85' lang='lat' dir='ltr'><strong>sicut</strong></span> <span class='ocrx_word' id='word_1_336' title='bbox 493 2880 671 2934; x_wconf 88' lang='lat' dir='ltr'><strong>deﬁcit</strong></span> <span class='ocrx_word' id='word_1_337' title='bbox 700 2881 876 2935; x_wconf 83' lang='lat' dir='ltr'><strong>fumus</strong></span> <span class='ocrx_word' id='word_1_338' title='bbox 900 2920 915 2944; x_wconf 93' lang='lat'><strong>,</strong></span> <span class='ocrx_word' id='word_1_339' title='bbox 947 2880 1177 2946; x_wconf 82' lang='lat' dir='ltr'><strong>deﬁciet,</strong></span> <span class='ocrx_word' id='word_1_340' title='bbox 1209 2896 1262 2935; x_wconf 88' lang='lat' dir='ltr'><strong>et</strong></span> <span class='ocrx_word' id='word_1_341' title='bbox 1306 2881 1751 2950; x_wconf 86' lang='lat' dir='ltr'><strong>quemadmodum</strong></span> <span class='ocrx_word' id='word_1_342' title='bbox 1782 2882 1913 2937; x_wconf 86' lang='lat' dir='ltr'><strong>deﬁ-</strong></span> 
     </span>
    </p>
   </div>
   <div class='ocr_carea' id='block_1_47' title="bbox 336 2970 1766 3040">
    <p class='ocr_par' dir='ltr' id='par_1_47' title="bbox 336 2970 1766 3040">
     <span class='ocr_line' id='line_1_47' title="bbox 336 2970 1766 3040; baseline 0.001 -16"><span class='ocrx_word' id='word_1_343' title='bbox 336 2971 404 3024; x_wconf 86' lang='lat' dir='ltr'><strong>cit</strong></span> <span class='ocrx_word' id='word_1_344' title='bbox 432 2985 553 3024; x_wconf 90' lang='lat' dir='ltr'><strong>cera</strong></span> <span class='ocrx_word' id='word_1_345' title='bbox 578 2986 607 3025; x_wconf 90' lang='lat' dir='ltr'><strong>a</strong></span> <span class='ocrx_word' id='word_1_346' title='bbox 639 2971 771 3025; x_wconf 81' lang='lat' dir='ltr'><strong>facie</strong></span> <span class='ocrx_word' id='word_1_347' title='bbox 804 2972 939 3040; x_wconf 89' lang='lat' dir='ltr'><strong>ignis</strong></span> <span class='ocrx_word' id='word_1_348' title='bbox 960 3010 977 3036; x_wconf 91' lang='lat'><strong>,</strong></span> <span class='ocrx_word' id='word_1_349' title='bbox 1004 2972 1079 3025; x_wconf 87' lang='lat' dir='ltr'><strong>sic</strong></span> <span class='ocrx_word' id='word_1_350' title='bbox 1109 2972 1344 3040; x_wconf 88' lang='lat' dir='ltr'><strong>peribitis</strong></span> <span class='ocrx_word' id='word_1_351' title='bbox 1376 2970 1549 3040; x_wconf 83' lang='lat' dir='ltr'><strong>(Psal.</strong></span> <span class='ocrx_word' id='word_1_352' title='bbox 1578 2972 1766 3040; x_wconf 78' lang='lat' dir='ltr'><strong>vau).</strong></span> 
     </span>
    </p>
   </div>
   <div class='ocr_carea' id='block_1_48' title="bbox 403 3065 1911 3135">
    <p class='ocr_par' dir='ltr' id='par_1_48' title="bbox 403 3065 1911 3135">
     <span class='ocr_line' id='line_1_48' title="bbox 403 3065 1911 3135; baseline 0.003 -19"><span class='ocrx_word' id='word_1_353' title='bbox 403 3065 600 3118; x_wconf 90' lang='lat' dir='ltr'><strong>Contra</strong></span> <span class='ocrx_word' id='word_1_354' title='bbox 651 3066 719 3118; x_wconf 88' lang='lat' dir='ltr'><strong>de</strong></span> <span class='ocrx_word' id='word_1_355' title='bbox 770 3065 1088 3135; x_wconf 84' lang='lat' dir='ltr'><strong>Evangelica</strong></span> <span class='ocrx_word' id='word_1_356' title='bbox 1138 3066 1229 3119; x_wconf 92' lang='lat' dir='ltr'><strong>Dei</strong></span> <span class='ocrx_word' id='word_1_357' title='bbox 1266 3066 1570 3133; x_wconf 86' lang='lat' dir='ltr'><strong>cognitione</strong></span> <span class='ocrx_word' id='word_1_358' title='bbox 1618 3066 1751 3120; x_wconf 85' lang='lat' dir='ltr'><strong>dixit</strong></span> <span class='ocrx_word' id='word_1_359' title='bbox 1806 3066 1911 3121; x_wconf 89' lang='lat' dir='ltr'><strong>Do-</strong></span> 
     </span>
    </p>
   </div>
   <div class='ocr_carea' id='block_1_49' title="bbox 2024 1878 3587 1953">
    <p class='ocr_par' dir='ltr' id='par_1_49' title="bbox 2024 1878 3587 1953">
     <span class='ocr_line' id='line_1_49' title="bbox 2024 1878 3587 1953; baseline 0.008 -22"><span class='ocrx_word' id='word_1_360' title='bbox 2024 1878 2128 1931; x_wconf 88' lang='lat' dir='ltr'><strong>tuis</strong></span> <span class='ocrx_word' id='word_1_361' title='bbox 2150 1894 2370 1934; x_wconf 90' lang='lat' dir='ltr'><strong>ornasse</strong></span> <span class='ocrx_word' id='word_1_362' title='bbox 2400 1882 2616 1934; x_wconf 88' lang='lat' dir='ltr'><strong>dicitur.</strong></span> <span class='ocrx_word' id='word_1_363' title='bbox 2648 1883 2851 1936; x_wconf 89' lang='lat' dir='ltr'><strong>Posteri</strong></span> <span class='ocrx_word' id='word_1_364' title='bbox 2884 1893 3083 1952; x_wconf 88' lang='lat' dir='ltr'><strong>autem,</strong></span> <span class='ocrx_word' id='word_1_365' title='bbox 3131 1887 3390 1953; x_wconf 86' lang='lat' dir='ltr'><strong>majorum</strong></span> <span class='ocrx_word' id='word_1_366' title='bbox 3437 1906 3587 1943; x_wconf 81' lang='lat' dir='ltr'><strong>men-</strong></span> 
     </span>
    </p>
   </div>
   <div class='ocr_carea' id='block_1_50' title="bbox 2018 1970 3585 2041">
    <p class='ocr_par' dir='ltr' id='par_1_50' title="bbox 2018 1970 3585 2041">
     <span class='ocr_line' id='line_1_50' title="bbox 2018 1970 3585 2041; baseline 0.006 -19"><span class='ocrx_word' id='word_1_367' title='bbox 2018 1978 2121 2023; x_wconf 92' lang='lat' dir='ltr'><strong>tem</strong></span> <span class='ocrx_word' id='word_1_368' title='bbox 2171 1970 2476 2038; x_wconf 75' lang='lat' dir='ltr'><strong>ignorantes</strong></span> <span class='ocrx_word' id='word_1_369' title='bbox 2505 2010 2521 2036; x_wconf 94' lang='lat'><strong>,</strong></span> <span class='ocrx_word' id='word_1_370' title='bbox 2566 1986 2763 2039; x_wconf 87' lang='lat' dir='ltr'><strong>nempe</strong></span> <span class='ocrx_word' id='word_1_371' title='bbox 2818 1975 2956 2041; x_wconf 92' lang='lat' dir='ltr'><strong>quod</strong></span> <span class='ocrx_word' id='word_1_372' title='bbox 3015 1978 3285 2028; x_wconf 70' lang='lat' dir='ltr'><strong>memoriae</strong></span> <span class='ocrx_word' id='word_1_373' title='bbox 3332 1978 3585 2033; x_wconf 79' lang='lat' dir='ltr'><strong>duntaxat</strong></span> 
     </span>
    </p>
   </div>
   <div class='ocr_carea' id='block_1_51' title="bbox 2019 2058 3586 2130">
    <p class='ocr_par' dir='ltr' id='par_1_51' title="bbox 2019 2058 3586 2130">
     <span class='ocr_line' id='line_1_51' title="bbox 2019 2058 3586 2130; baseline 0.006 -21"><span class='ocrx_word' id='word_1_374' title='bbox 2019 2072 2179 2110; x_wconf 87' lang='lat' dir='ltr'><strong>causa</strong></span> <span class='ocrx_word' id='word_1_375' title='bbox 2222 2058 2287 2109; x_wconf 87' lang='lat' dir='ltr'><strong>iis</strong></span> <span class='ocrx_word' id='word_1_376' title='bbox 2317 2060 2403 2124; x_wconf 91' lang='lat' dir='ltr'><strong>qui</strong></span> <span class='ocrx_word' id='word_1_377' title='bbox 2438 2058 2591 2111; x_wconf 86' lang='lat' dir='ltr'><strong>laude</strong></span> <span class='ocrx_word' id='word_1_378' title='bbox 2618 2058 2835 2127; x_wconf 88' lang='lat' dir='ltr'><strong>dignum</strong></span> <span class='ocrx_word' id='word_1_379' title='bbox 2881 2064 3077 2130; x_wconf 90' lang='lat' dir='ltr'><strong>aliquid</strong></span> <span class='ocrx_word' id='word_1_380' title='bbox 3127 2063 3426 2118; x_wconf 66' lang='lat' dir='ltr'><strong>effecissent.</strong></span> <span class='ocrx_word' id='word_1_381' title='bbox 3478 2080 3586 2120; x_wconf 88' lang='lat' dir='ltr'><strong>sta-</strong></span> 
     </span>
    </p>
   </div>
   <div class='ocr_carea' id='block_1_52' title="bbox 2018 2151 3586 2214">
    <p class='ocr_par' dir='ltr' id='par_1_52' title="bbox 2018 2151 3586 2214">
     <span class='ocr_line' id='line_1_52' title="bbox 2018 2151 3586 2214; baseline 0.006 -15"><span class='ocrx_word' id='word_1_382' title='bbox 2018 2159 2134 2201; x_wconf 89' lang='lat' dir='ltr'><strong>tuas</strong></span> <span class='ocrx_word' id='word_1_383' title='bbox 2164 2156 2217 2201; x_wconf 86' lang='lat' dir='ltr'><strong>et</strong></span> <span class='ocrx_word' id='word_1_384' title='bbox 2242 2151 2516 2203; x_wconf 88' lang='lat' dir='ltr'><strong>columnas</strong></span> <span class='ocrx_word' id='word_1_385' title='bbox 2547 2151 2865 2214; x_wconf 79' lang='lat' dir='ltr'><strong>erexisseut,</strong></span> <span class='ocrx_word' id='word_1_386' title='bbox 2917 2154 3173 2210; x_wconf 66' lang='lat' dir='ltr'><strong>daemonis</strong></span> <span class='ocrx_word' id='word_1_387' title='bbox 3202 2156 3314 2209; x_wconf 90' lang='lat' dir='ltr'><strong>vitii</strong></span> <span class='ocrx_word' id='word_1_388' title='bbox 3356 2157 3586 2210; x_wconf 82' lang='lat' dir='ltr'><strong>auctoris</strong></span> 
     </span>
    </p>
   </div>
   <div class='ocr_carea' id='block_1_53' title="bbox 2019 2237 3587 2313">
    <p class='ocr_par' dir='ltr' id='par_1_53' title="bbox 2019 2237 3587 2313">
     <span class='ocr_line' id='line_1_53' title="bbox 2019 2237 3587 2313; baseline 0.003 -21"><span class='ocrx_word' id='word_1_389' title='bbox 2019 2253 2181 2305; x_wconf 89' lang='lat' dir='ltr'><strong>opera</strong></span> <span class='ocrx_word' id='word_1_390' title='bbox 2212 2239 2462 2305; x_wconf 88' lang='lat' dir='ltr'><strong>paulatim</strong></span> <span class='ocrx_word' id='word_1_391' title='bbox 2495 2240 2827 2308; x_wconf 76' lang='lat' dir='ltr'><strong>aberrantes,</strong></span> <span class='ocrx_word' id='word_1_392' title='bbox 2888 2237 3131 2299; x_wconf 74' lang='lat' dir='ltr'><strong>homines</strong></span> <span class='ocrx_word' id='word_1_393' title='bbox 3176 2246 3362 2300; x_wconf 91' lang='lat' dir='ltr'><strong>iisdem</strong></span> <span class='ocrx_word' id='word_1_394' title='bbox 3393 2247 3587 2313; x_wconf 85' lang='lat' dir='ltr'><strong>passio-</strong></span> 
     </span>
    </p>
   </div>
   <div class='ocr_carea' id='block_1_54' title="bbox 2017 2332 3583 2406">
    <p class='ocr_par' dir='ltr' id='par_1_54' title="bbox 2017 2332 3583 2406">
     <span class='ocr_line' id='line_1_54' title="bbox 2017 2332 3583 2406; baseline 0.004 -23"><span class='ocrx_word' id='word_1_395' title='bbox 2017 2332 2171 2384; x_wconf 91' lang='lat' dir='ltr'><strong>nibus</strong></span> <span class='ocrx_word' id='word_1_396' title='bbox 2199 2332 2462 2386; x_wconf 77' lang='lat' dir='ltr'><strong>obnoxios</strong></span> <span class='ocrx_word' id='word_1_397' title='bbox 2492 2348 2555 2385; x_wconf 90' lang='lat' dir='ltr'><strong>ac</strong></span> <span class='ocrx_word' id='word_1_398' title='bbox 2602 2339 2933 2403; x_wconf 90' lang='lat' dir='ltr'><strong>corruptioni</strong></span> <span class='ocrx_word' id='word_1_399' title='bbox 2976 2341 3277 2404; x_wconf 64' lang='lat' dir='ltr'><strong>subjectos,</strong></span> <span class='ocrx_word' id='word_1_400' title='bbox 3336 2349 3583 2406; x_wconf 87' lang='lat' dir='ltr'><strong>tanquam</strong></span> 
     </span>
    </p>
   </div>
   <div class='ocr_carea' id='block_1_55' title="bbox 2016 2426 3587 2502">
    <p class='ocr_par' dir='ltr' id='par_1_55' title="bbox 2016 2426 3587 2502">
     <span class='ocr_line' id='line_1_55' title="bbox 2016 2426 3587 2502; baseline 0.006 -24"><span class='ocrx_word' id='word_1_401' title='bbox 2016 2427 2346 2480; x_wconf 86' lang='lat' dir='ltr'><strong>immortales</strong></span> <span class='ocrx_word' id='word_1_402' title='bbox 2387 2428 2516 2481; x_wconf 90' lang='lat' dir='ltr'><strong>deos</strong></span> <span class='ocrx_word' id='word_1_403' title='bbox 2583 2430 2904 2498; x_wconf 83' lang='lat' dir='ltr'><strong>adorarunt,</strong></span> <span class='ocrx_word' id='word_1_404' title='bbox 2968 2426 3333 2501; x_wconf 81' lang='lat' dir='ltr'><strong>sacriﬁciaque</strong></span> <span class='ocrx_word' id='word_1_405' title='bbox 3371 2435 3499 2502; x_wconf 86' lang='lat' dir='ltr'><strong>ipsis</strong></span> <span class='ocrx_word' id='word_1_406' title='bbox 3527 2449 3587 2487; x_wconf 88' lang='lat' dir='ltr'><strong>ac</strong></span> 
     </span>
    </p>
   </div>
   <div class='ocr_carea' id='block_1_56' title="bbox 2028 2515 3585 2585">
    <p class='ocr_par' dir='ltr' id='par_1_56' title="bbox 2028 2515 3585 2585">
     <span class='ocr_line' id='line_1_56' title="bbox 2028 2515 3585 2585; baseline 0.006 -18"><span class='ocrx_word' id='word_1_407' title='bbox 2028 2515 2279 2568; x_wconf 88' lang='lat' dir='ltr'><strong>libamina</strong></span> <span class='ocrx_word' id='word_1_408' title='bbox 2340 2518 2701 2585; x_wconf 77' lang='lat' dir='ltr'><strong>excogitartmt</strong></span> <span class='ocrx_word' id='word_1_409' title='bbox 2772 2538 2787 2576; x_wconf 90' lang='lat'><strong>:</strong></span> <span class='ocrx_word' id='word_1_410' title='bbox 2852 2522 3182 2576; x_wconf 65' lang='lat' dir='ltr'><strong>daemonibus</strong></span> <span class='ocrx_word' id='word_1_411' title='bbox 3243 2523 3490 2578; x_wconf 85' lang='lat' dir='ltr'><strong>videlicet</strong></span> <span class='ocrx_word' id='word_1_412' title='bbox 3534 2530 3585 2577; x_wconf 87' lang='lat' dir='ltr'><strong>iu</strong></span> 
     </span>
    </p>
   </div>
   <div class='ocr_carea' id='block_1_57' title="bbox 2020 2606 3586 2682">
    <p class='ocr_par' dir='ltr' id='par_1_57' title="bbox 2020 2606 3586 2682">
     <span class='ocr_line' id='line_1_57' title="bbox 2020 2606 3586 2682; baseline 0.008 -25"><span class='ocrx_word' id='word_1_413' title='bbox 2020 2606 2207 2657; x_wconf 78' lang='lat' dir='ltr'><strong>Stuluis</strong></span> <span class='ocrx_word' id='word_1_414' title='bbox 2259 2607 2635 2674; x_wconf 89' lang='lat' dir='ltr'><strong>habitantibus,</strong></span> <span class='ocrx_word' id='word_1_415' title='bbox 2687 2620 2846 2679; x_wconf 91' lang='lat' dir='ltr'><strong>atque</strong></span> <span class='ocrx_word' id='word_1_416' title='bbox 2898 2613 3201 2682; x_wconf 76' lang='lat' dir='ltr'><strong>huju5inodi</strong></span> <span class='ocrx_word' id='word_1_417' title='bbox 3231 2615 3485 2667; x_wconf 89' lang='lat' dir='ltr'><strong>honorem</strong></span> <span class='ocrx_word' id='word_1_418' title='bbox 3535 2625 3586 2669; x_wconf 90' lang='lat' dir='ltr'><strong>et</strong></span> 
     </span>
    </p>
   </div>
   <div class='ocr_carea' id='block_1_58' title="bbox 2013 2698 3585 2778">
    <p class='ocr_par' dir='ltr' id='par_1_58' title="bbox 2013 2698 3585 2778">
     <span class='ocr_line' id='line_1_58' title="bbox 2013 2698 3585 2778; baseline 0.007 -27"><span class='ocrx_word' id='word_1_419' title='bbox 2013 2699 2273 2752; x_wconf 87' lang='lat' dir='ltr'><strong>sacriﬁcia</strong></span> <span class='ocrx_word' id='word_1_420' title='bbox 2304 2698 2369 2752; x_wconf 91' lang='lat' dir='ltr'><strong>ad</strong></span> <span class='ocrx_word' id='word_1_421' title='bbox 2399 2715 2518 2753; x_wconf 90' lang='lat' dir='ltr'><strong>sese</strong></span> <span class='ocrx_word' id='word_1_422' title='bbox 2543 2703 2997 2769; x_wconf 84' lang='lat' dir='ltr'><strong>pertrahentibus.</strong></span> <span class='ocrx_word' id='word_1_423' title='bbox 3054 2707 3125 2760; x_wconf 86' lang='lat' dir='ltr'><strong>illi</strong></span> <span class='ocrx_word' id='word_1_424' title='bbox 3170 2708 3347 2776; x_wconf 86' lang='lat' dir='ltr'><strong>itaque</strong></span> <span class='ocrx_word' id='word_1_425' title='bbox 3386 2723 3478 2762; x_wconf 91' lang='lat' dir='ltr'><strong>eos</strong></span> <span class='ocrx_word' id='word_1_426' title='bbox 3500 2710 3585 2778; x_wconf 90' lang='lat' dir='ltr'><strong>qui</strong></span> 
     </span>
    </p>
   </div>
   <div class='ocr_carea' id='block_1_59' title="bbox 2017 2789 3582 2870">
    <p class='ocr_par' dir='ltr' id='par_1_59' title="bbox 2017 2789 3582 2870">
     <span class='ocr_line' id='line_1_59' title="bbox 2017 2789 3582 2870; baseline 0.008 -29"><span class='ocrx_word' id='word_1_427' title='bbox 2017 2790 2182 2842; x_wconf 89' lang='lat' dir='ltr'><strong>Deum</strong></span> <span class='ocrx_word' id='word_1_428' title='bbox 2231 2789 2284 2842; x_wconf 92' lang='lat' dir='ltr'><strong>in</strong></span> <span class='ocrx_word' id='word_1_429' title='bbox 2338 2792 2521 2845; x_wconf 89' lang='lat' dir='ltr'><strong>notitia</strong></span> <span class='ocrx_word' id='word_1_430' title='bbox 2569 2793 2766 2849; x_wconf 90' lang='lat' dir='ltr'><strong>habere</strong></span> <span class='ocrx_word' id='word_1_431' title='bbox 2815 2797 3033 2850; x_wconf 89' lang='lat' dir='ltr'><strong>minime</strong></span> <span class='ocrx_word' id='word_1_432' title='bbox 3059 2800 3281 2866; x_wconf 90' lang='lat' dir='ltr'><strong>probant</strong></span> <span class='ocrx_word' id='word_1_433' title='bbox 3313 2800 3489 2870; x_wconf 83' lang='lat' dir='ltr'><strong>(Rom.</strong></span> <span class='ocrx_word' id='word_1_434' title='bbox 3521 2801 3582 2869; x_wconf 78' lang='grc' dir='ltr'><strong>ι),</strong></span> 
     </span>
    </p>
   </div>
   <div class='ocr_carea' id='block_1_60' title="bbox 2013 2878 3583 2946">
    <p class='ocr_par' dir='ltr' id='par_1_60' title="bbox 2013 2878 3583 2946">
     <span class='ocr_line' id='line_1_60' title="bbox 2013 2878 3583 2946; baseline 0.009 -15"><span class='ocrx_word' id='word_1_435' title='bbox 2013 2878 2207 2946; x_wconf 90' lang='lat' dir='ltr'><strong>duplici</strong></span> <span class='ocrx_word' id='word_1_436' title='bbox 2254 2880 2321 2935; x_wconf 93' lang='lat' dir='ltr'><strong>de</strong></span> <span class='ocrx_word' id='word_1_437' title='bbox 2370 2897 2529 2936; x_wconf 88' lang='lat' dir='ltr'><strong>causa</strong></span> <span class='ocrx_word' id='word_1_438' title='bbox 2577 2894 2631 2936; x_wconf 92' lang='lat' dir='ltr'><strong>nt</strong></span> <span class='ocrx_word' id='word_1_439' title='bbox 2680 2900 2738 2939; x_wconf 88' lang='lat' dir='ltr'><strong>se</strong></span> <span class='ocrx_word' id='word_1_440' title='bbox 2785 2887 2913 2940; x_wconf 91' lang='lat' dir='ltr'><strong>deos</strong></span> <span class='ocrx_word' id='word_1_441' title='bbox 2969 2902 3088 2942; x_wconf 88' lang='lat' dir='ltr'><strong>esse</strong></span> <span class='ocrx_word' id='word_1_442' title='bbox 3131 2891 3440 2944; x_wconf 82' lang='lat' dir='ltr'><strong>existiment</strong></span> <span class='ocrx_word' id='word_1_443' title='bbox 3482 2892 3583 2944; x_wconf 84' lang='lat' dir='ltr'><strong>ad-</strong></span> 
     </span>
    </p>
   </div>
   <div class='ocr_carea' id='block_1_61' title="bbox 2019 2972 3582 3047">
    <p class='ocr_par' dir='ltr' id='par_1_61' title="bbox 2019 2972 3582 3047">
     <span class='ocr_line' id='line_1_61' title="bbox 2019 2972 3582 3047; baseline 0.008 -24"><span class='ocrx_word' id='word_1_444' title='bbox 2019 2972 2214 3025; x_wconf 88' lang='lat' dir='ltr'><strong>ducunt</strong></span> <span class='ocrx_word' id='word_1_445' title='bbox 2261 2989 2272 3023; x_wconf 90' lang='lat'><strong>:</strong></span> <span class='ocrx_word' id='word_1_446' title='bbox 2325 2975 2521 3039; x_wconf 71' lang='lat' dir='ltr'><strong>altera,</strong></span> <span class='ocrx_word' id='word_1_447' title='bbox 2569 2984 2625 3027; x_wconf 91' lang='lat' dir='ltr'><strong>ut</strong></span> <span class='ocrx_word' id='word_1_448' title='bbox 2674 2977 2773 3045; x_wconf 91' lang='lat' dir='ltr'><strong>ipsi</strong></span> <span class='ocrx_word' id='word_1_449' title='bbox 2827 2977 2929 3031; x_wconf 91' lang='lat' dir='ltr'><strong>hoc</strong></span> <span class='ocrx_word' id='word_1_450' title='bbox 2971 2979 3183 3032; x_wconf 84' lang='lat' dir='ltr'><strong>nomine</strong></span> <span class='ocrx_word' id='word_1_451' title='bbox 3214 2981 3582 3047; x_wconf 89' lang='lat' dir='ltr'><strong>celebrentur,</strong></span> 
     </span>
    </p>
   </div>
   <div class='ocr_carea' id='block_1_62' title="bbox 2015 3061 3575 3138">
    <p class='ocr_par' dir='ltr' id='par_1_62' title="bbox 2015 3061 3575 3138">
     <span class='ocr_line' id='line_1_62' title="bbox 2015 3061 3575 3138; baseline 0.006 -24"><span class='ocrx_word' id='word_1_452' title='bbox 2015 3061 2244 3128; x_wconf 84' lang='lat' dir='ltr'><strong>gaudent</strong></span> <span class='ocrx_word' id='word_1_453' title='bbox 2265 3064 2405 3116; x_wconf 92' lang='lat' dir='ltr'><strong>enim</strong></span> <span class='ocrx_word' id='word_1_454' title='bbox 2437 3064 2557 3131; x_wconf 91' lang='lat' dir='ltr'><strong>ipsi,</strong></span> <span class='ocrx_word' id='word_1_455' title='bbox 2585 3076 2765 3133; x_wconf 91' lang='lat' dir='ltr'><strong>utpote</strong></span> <span class='ocrx_word' id='word_1_456' title='bbox 2798 3066 2932 3120; x_wconf 77' lang='lat' dir='ltr'><strong>fastu</strong></span> <span class='ocrx_word' id='word_1_457' title='bbox 2960 3078 3117 3135; x_wconf 89' lang='lat' dir='ltr'><strong>atque</strong></span> <span class='ocrx_word' id='word_1_458' title='bbox 3140 3072 3437 3137; x_wconf 73' lang='lat' dir='ltr'><strong>arrogantia</strong></span> <span class='ocrx_word' id='word_1_459' title='bbox 3464 3072 3575 3138; x_wconf 88' lang='lat' dir='ltr'><strong>ple-</strong></span> 
     </span>
    </p>
   </div>
   <div class='ocr_carea' id='block_1_63' title="bbox 335 3144 3581 3225">
    <p class='ocr_par' dir='ltr' id='par_1_63' title="bbox 335 3144 3581 3225">
     <span class='ocr_line' id='line_1_63' title="bbox 335 3144 3581 3225; baseline 0.001 -18"><span class='ocrx_word' id='word_1_460' title='bbox 335 3154 550 3208; x_wconf 86' lang='lat' dir='ltr'><strong>minus:</strong></span> <span class='ocrx_word' id='word_1_461' title='bbox 593 3153 798 3209; x_wconf 66' lang='lat' dir='ltr'><strong>Caelum</strong></span> <span class='ocrx_word' id='word_1_462' title='bbox 817 3166 870 3209; x_wconf 92' lang='lat' dir='ltr'><strong>et</strong></span> <span class='ocrx_word' id='word_1_463' title='bbox 892 3166 1031 3209; x_wconf 89' lang='lat' dir='ltr'><strong>terra</strong></span> <span class='ocrx_word' id='word_1_464' title='bbox 1054 3158 1370 3220; x_wconf 85' lang='lat' dir='ltr'><strong>transibunt,</strong></span> <span class='ocrx_word' id='word_1_465' title='bbox 1394 3158 1551 3211; x_wconf 74' lang='lat' dir='ltr'><strong>verba</strong></span> <span class='ocrx_word' id='word_1_466' title='bbox 1581 3168 1758 3212; x_wconf 80' lang='lat' dir='ltr'><strong>autem</strong></span> <span class='ocrx_word' id='word_1_467' title='bbox 1789 3174 1907 3212; x_wconf 78' lang='lat' dir='ltr'><strong>mea</strong></span> <span class='ocrx_word' id='word_1_468' title='bbox 1941 3144 1985 3206; x_wconf 91' lang='lat' dir='ltr'>C</span> <span class='ocrx_word' id='word_1_469' title='bbox 2016 3153 2097 3215; x_wconf 86' lang='lat' dir='ltr'><strong>ni,</strong></span> <span class='ocrx_word' id='word_1_470' title='bbox 2155 3168 2276 3206; x_wconf 91' lang='lat' dir='ltr'><strong>cum</strong></span> <span class='ocrx_word' id='word_1_471' title='bbox 2308 3154 2436 3218; x_wconf 76' lang='lat' dir='ltr'><strong>ipsis</strong></span> <span class='ocrx_word' id='word_1_472' title='bbox 2467 3163 2712 3224; x_wconf 88' lang='lat' dir='ltr'><strong>tanquam</strong></span> <span class='ocrx_word' id='word_1_473' title='bbox 2741 3157 2841 3209; x_wconf 88' lang='lat' dir='ltr'><strong>diis</strong></span> <span class='ocrx_word' id='word_1_474' title='bbox 2868 3156 3037 3211; x_wconf 90' lang='lat' dir='ltr'><strong>honor</strong></span> <span class='ocrx_word' id='word_1_475' title='bbox 3062 3158 3337 3223; x_wconf 89' lang='lat' dir='ltr'><strong>tribuitur;</strong></span> <span class='ocrx_word' id='word_1_476' title='bbox 3395 3160 3581 3225; x_wconf 84' lang='lat' dir='ltr'><strong>altera,</strong></span> 
     </span>
    </p>
   </div>
   <div class='ocr_carea' id='block_1_64' title="bbox 337 3245 1911 3316">
    <p class='ocr_par' dir='ltr' id='par_1_64' title="bbox 337 3245 1911 3316">
     <span class='ocr_line' id='line_1_64' title="bbox 337 3245 1911 3316; baseline 0.005 -22"><span class='ocrx_word' id='word_1_477' title='bbox 337 3258 439 3294; x_wconf 89' lang='lat' dir='ltr'><strong>non</strong></span> <span class='ocrx_word' id='word_1_478' title='bbox 474 3245 778 3299; x_wconf 87' lang='lat' dir='ltr'><strong>transibunt</strong></span> <span class='ocrx_word' id='word_1_479' title='bbox 813 3245 991 3315; x_wconf 76' lang='lat' dir='ltr'><strong>(Luca:</strong></span> <span class='ocrx_word' id='word_1_480' title='bbox 1019 3246 1152 3314; x_wconf 76' lang='lat' dir='ltr'><strong>xxi).</strong></span> <span class='ocrx_word' id='word_1_481' title='bbox 1199 3249 1276 3300; x_wconf 83' lang='lat' dir='ltr'><strong>Ac</strong></span> <span class='ocrx_word' id='word_1_482' title='bbox 1303 3262 1511 3301; x_wconf 86' lang='lat' dir='ltr'><strong>rursum</strong></span> <span class='ocrx_word' id='word_1_483' title='bbox 1540 3247 1801 3316; x_wconf 88' lang='lat' dir='ltr'><strong>Propheta</strong></span> <span class='ocrx_word' id='word_1_484' title='bbox 1830 3248 1911 3302; x_wconf 88' lang='lat' dir='ltr'><strong>his</strong></span> 
     </span>
    </p>
   </div>
   <div class='ocr_carea' id='block_1_65' title="bbox 336 3334 1914 3402">
    <p class='ocr_par' dir='ltr' id='par_1_65' title="bbox 336 3334 1914 3402">
     <span class='ocr_line' id='line_1_65' title="bbox 336 3334 1914 3402; baseline 0.004 -17"><span class='ocrx_word' id='word_1_485' title='bbox 336 3334 512 3387; x_wconf 89' lang='lat' dir='ltr'><strong>verbis</strong></span> <span class='ocrx_word' id='word_1_486' title='bbox 544 3334 744 3388; x_wconf 90' lang='lat' dir='ltr'><strong>utitur:</strong></span> <span class='ocrx_word' id='word_1_487' title='bbox 796 3337 850 3388; x_wconf 93' lang='lat' dir='ltr'><strong>In</strong></span> <span class='ocrx_word' id='word_1_488' title='bbox 884 3336 1143 3402; x_wconf 86' lang='lat' dir='ltr'><strong>principio</strong></span> <span class='ocrx_word' id='word_1_489' title='bbox 1177 3346 1251 3402; x_wconf 93' lang='lat' dir='ltr'><strong>tu,</strong></span> <span class='ocrx_word' id='word_1_490' title='bbox 1281 3336 1525 3402; x_wconf 89' lang='lat' dir='ltr'><strong>Domine,</strong></span> <span class='ocrx_word' id='word_1_491' title='bbox 1574 3347 1770 3391; x_wconf 84' lang='lat' dir='ltr'><strong>terram</strong></span> <span class='ocrx_word' id='word_1_492' title='bbox 1796 3338 1914 3391; x_wconf 78' lang='lat' dir='ltr'><strong>fun-</strong></span> 
     </span>
    </p>
   </div>
   <div class='ocr_carea' id='block_1_66' title="bbox 336 3424 1913 3497">
    <p class='ocr_par' dir='ltr' id='par_1_66' title="bbox 336 3424 1913 3497">
     <span class='ocr_line' id='line_1_66' title="bbox 336 3424 1913 3497; baseline 0.003 -20"><span class='ocrx_word' id='word_1_493' title='bbox 336 3424 495 3491; x_wconf 89' lang='lat' dir='ltr'><strong>dasti,</strong></span> <span class='ocrx_word' id='word_1_494' title='bbox 519 3434 572 3479; x_wconf 91' lang='lat' dir='ltr'><strong>et</strong></span> <span class='ocrx_word' id='word_1_495' title='bbox 593 3440 752 3494; x_wconf 90' lang='lat' dir='ltr'><strong>opera</strong></span> <span class='ocrx_word' id='word_1_496' title='bbox 780 3442 1030 3480; x_wconf 89' lang='lat' dir='ltr'><strong>manuum</strong></span> <span class='ocrx_word' id='word_1_497' title='bbox 1061 3436 1271 3480; x_wconf 90' lang='lat' dir='ltr'><strong>tuarum</strong></span> <span class='ocrx_word' id='word_1_498' title='bbox 1295 3438 1417 3480; x_wconf 91' lang='lat' dir='ltr'><strong>sunt</strong></span> <span class='ocrx_word' id='word_1_499' title='bbox 1447 3428 1591 3482; x_wconf 61' lang='grc' dir='ltr'><strong>εαξη.</strong></span> <span class='ocrx_word' id='word_1_500' title='bbox 1646 3428 1749 3495; x_wconf 89' lang='lat' dir='ltr'><strong>Ipsi</strong></span> <span class='ocrx_word' id='word_1_501' title='bbox 1773 3428 1913 3497; x_wconf 89' lang='lat' dir='ltr'><strong>peri-</strong></span> 
     </span>
    </p>
   </div>
   <div class='ocr_carea' id='block_1_67' title="bbox 337 3520 1915 3586">
    <p class='ocr_par' dir='ltr' id='par_1_67' title="bbox 337 3520 1915 3586">
     <span class='ocr_line' id='line_1_67' title="bbox 337 3520 1915 3586; baseline 0.002 -16"><span class='ocrx_word' id='word_1_502' title='bbox 337 3520 496 3583; x_wconf 90' lang='lat' dir='ltr'><strong>bunt,</strong></span> <span class='ocrx_word' id='word_1_503' title='bbox 526 3528 578 3570; x_wconf 94' lang='lat' dir='ltr'><strong>tu</strong></span> <span class='ocrx_word' id='word_1_504' title='bbox 607 3525 785 3571; x_wconf 89' lang='lat' dir='ltr'><strong>autem</strong></span> <span class='ocrx_word' id='word_1_505' title='bbox 818 3533 1121 3586; x_wconf 90' lang='lat' dir='ltr'><strong>permanes,</strong></span> <span class='ocrx_word' id='word_1_506' title='bbox 1160 3529 1213 3572; x_wconf 94' lang='lat' dir='ltr'><strong>et</strong></span> <span class='ocrx_word' id='word_1_507' title='bbox 1241 3534 1426 3573; x_wconf 90' lang='lat' dir='ltr'><strong>omnes</strong></span> <span class='ocrx_word' id='word_1_508' title='bbox 1457 3521 1595 3573; x_wconf 89' lang='lat' dir='ltr'><strong>sicut</strong></span> <span class='ocrx_word' id='word_1_509' title='bbox 1630 3520 1915 3574; x_wconf 85' lang='lat' dir='ltr'><strong>vestimen-</strong></span> 
     </span>
    </p>
   </div>
   <div class='ocr_carea' id='block_1_68' title="bbox 339 3612 1910 3679">
    <p class='ocr_par' dir='ltr' id='par_1_68' title="bbox 339 3612 1910 3679">
     <span class='ocr_line' id='line_1_68' title="bbox 339 3612 1910 3679; baseline 0.005 -19"><span class='ocrx_word' id='word_1_510' title='bbox 339 3619 447 3663; x_wconf 91' lang='lat' dir='ltr'><strong>tum</strong></span> <span class='ocrx_word' id='word_1_511' title='bbox 481 3620 839 3666; x_wconf 88' lang='lat' dir='ltr'><strong>veterascent.</strong></span> <span class='ocrx_word' id='word_1_512' title='bbox 901 3612 962 3663; x_wconf 87' lang='lat' dir='ltr'><strong>Et</strong></span> <span class='ocrx_word' id='word_1_513' title='bbox 1015 3612 1150 3665; x_wconf 85' lang='lat' dir='ltr'><strong>sicut</strong></span> <span class='ocrx_word' id='word_1_514' title='bbox 1181 3612 1507 3679; x_wconf 85' lang='lat' dir='ltr'><strong>opertorium</strong></span> <span class='ocrx_word' id='word_1_515' title='bbox 1538 3612 1767 3665; x_wconf 91' lang='lat' dir='ltr'><strong>mutabis</strong></span> <span class='ocrx_word' id='word_1_516' title='bbox 1793 3628 1910 3678; x_wconf 86' lang='lat' dir='ltr'><strong>eos,</strong></span> 
     </span>
    </p>
   </div>
   <div class='ocr_carea' id='block_1_69' title="bbox 337 3700 1913 3771">
    <p class='ocr_par' dir='ltr' id='par_1_69' title="bbox 337 3700 1913 3771">
     <span class='ocr_line' id='line_1_69' title="bbox 337 3700 1913 3771; baseline 0.001 -17"><span class='ocrx_word' id='word_1_517' title='bbox 337 3708 391 3754; x_wconf 91' lang='lat' dir='ltr'><strong>et</strong></span> <span class='ocrx_word' id='word_1_518' title='bbox 417 3700 791 3767; x_wconf 89' lang='lat' dir='ltr'><strong>mutabuntur;</strong></span> <span class='ocrx_word' id='word_1_519' title='bbox 854 3710 908 3755; x_wconf 91' lang='lat' dir='ltr'><strong>tu</strong></span> <span class='ocrx_word' id='word_1_520' title='bbox 938 3712 1116 3756; x_wconf 91' lang='lat' dir='ltr'><strong>autem</strong></span> <span class='ocrx_word' id='word_1_521' title='bbox 1148 3703 1287 3756; x_wconf 90' lang='lat' dir='ltr'><strong>idem</strong></span> <span class='ocrx_word' id='word_1_522' title='bbox 1316 3704 1431 3771; x_wconf 91' lang='lat' dir='ltr'><strong>ipse</strong></span> <span class='ocrx_word' id='word_1_523' title='bbox 1456 3718 1536 3766; x_wconf 90' lang='lat' dir='ltr'><strong>es,</strong></span> <span class='ocrx_word' id='word_1_524' title='bbox 1581 3712 1636 3757; x_wconf 91' lang='lat' dir='ltr'><strong>et</strong></span> <span class='ocrx_word' id='word_1_525' title='bbox 1665 3705 1787 3757; x_wconf 91' lang='lat' dir='ltr'><strong>anni</strong></span> <span class='ocrx_word' id='word_1_526' title='bbox 1840 3703 1913 3756; x_wconf 92' lang='lat' dir='ltr'><strong>tui</strong></span> 
     </span>
    </p>
   </div>
   <div class='ocr_carea' id='block_1_70' title="bbox 336 3792 1914 3863">
    <p class='ocr_par' dir='ltr' id='par_1_70' title="bbox 336 3792 1914 3863">
     <span class='ocr_line' id='line_1_70' title="bbox 336 3792 1914 3863; baseline 0.003 -17"><span class='ocrx_word' id='word_1_527' title='bbox 336 3809 441 3846; x_wconf 91' lang='lat' dir='ltr'><strong>non</strong></span> <span class='ocrx_word' id='word_1_528' title='bbox 472 3792 723 3849; x_wconf 84' lang='lat' dir='ltr'><strong>deﬁcient</strong></span> <span class='ocrx_word' id='word_1_529' title='bbox 753 3792 924 3863; x_wconf 75' lang='lat' dir='ltr'><strong>(Paul.</strong></span> <span class='ocrx_word' id='word_1_530' title='bbox 958 3795 1050 3863; x_wconf 70' lang='grc' dir='ltr'><strong>οι).</strong></span> <span class='ocrx_word' id='word_1_531' title='bbox 1099 3798 1175 3849; x_wconf 86' lang='lat' dir='ltr'><strong>Ac</strong></span> <span class='ocrx_word' id='word_1_532' title='bbox 1216 3796 1380 3849; x_wconf 88' lang='lat' dir='ltr'><strong>divini</strong></span> <span class='ocrx_word' id='word_1_533' title='bbox 1412 3796 1623 3863; x_wconf 92' lang='lat' dir='ltr'><strong>quidem</strong></span> <span class='ocrx_word' id='word_1_534' title='bbox 1656 3796 1914 3850; x_wconf 82' lang='lat' dir='ltr'><strong>adventus</strong></span> 
     </span>
    </p>
   </div>
   <div class='ocr_carea' id='block_1_71' title="bbox 301 3884 1912 3955">
    <p class='ocr_par' dir='ltr' id='par_1_71' title="bbox 301 3884 1912 3955">
     <span class='ocr_line' id='line_1_71' title="bbox 301 3884 1912 3955; baseline 0.004 -20"><span class='ocrx_word' id='word_1_535' title='bbox 301 3926 305 3929; x_wconf 96' lang='lat'><strong>.</strong></span> <span class='ocrx_word' id='word_1_536' title='bbox 337 3884 534 3939; x_wconf 80' lang='lat' dir='ltr'><strong>Christi</strong></span> <span class='ocrx_word' id='word_1_537' title='bbox 563 3899 861 3953; x_wconf 73' lang='lat' dir='ltr'><strong>praecones,</strong></span> <span class='ocrx_word' id='word_1_538' title='bbox 892 3895 945 3939; x_wconf 86' lang='lat' dir='ltr'><strong>ct</strong></span> <span class='ocrx_word' id='word_1_539' title='bbox 973 3887 1241 3954; x_wconf 89' lang='lat' dir='ltr'><strong>sapientes</strong></span> <span class='ocrx_word' id='word_1_540' title='bbox 1270 3888 1414 3940; x_wconf 91' lang='lat' dir='ltr'><strong>orbis</strong></span> <span class='ocrx_word' id='word_1_541' title='bbox 1450 3899 1709 3941; x_wconf 83' lang='lat' dir='ltr'><strong>terrarum</strong></span> <span class='ocrx_word' id='word_1_542' title='bbox 1736 3889 1912 3955; x_wconf 85' lang='lat' dir='ltr'><strong>pisca-</strong></span> 
     </span>
    </p>
   </div>
   <div class='ocr_carea' id='block_1_72' title="bbox 337 3975 1911 4046">
    <p class='ocr_par' dir='ltr' id='par_1_72' title="bbox 337 3975 1911 4046">
     <span class='ocr_line' id='line_1_72' title="bbox 337 3975 1911 4046; baseline 0.004 -20"><span class='ocrx_word' id='word_1_543' title='bbox 337 3983 505 4038; x_wconf 88' lang='lat' dir='ltr'><strong>tores,</strong></span> <span class='ocrx_word' id='word_1_544' title='bbox 556 3975 643 4040; x_wconf 92' lang='lat' dir='ltr'><strong>qui</strong></span> <span class='ocrx_word' id='word_1_545' title='bbox 690 3990 752 4029; x_wconf 81' lang='lat' dir='ltr'><strong>ex</strong></span> <span class='ocrx_word' id='word_1_546' title='bbox 780 3977 977 4029; x_wconf 89' lang='lat' dir='ltr'><strong>erroris</strong></span> <span class='ocrx_word' id='word_1_547' title='bbox 1000 3992 1063 4029; x_wconf 89' lang='lat' dir='ltr'><strong>ac</strong></span> <span class='ocrx_word' id='word_1_548' title='bbox 1089 3976 1287 4031; x_wconf 82' lang='lat' dir='ltr'><strong>fraudis</strong></span> <span class='ocrx_word' id='word_1_549' title='bbox 1317 3978 1565 4046; x_wconf 82' lang='lat' dir='ltr'><strong>voragine</strong></span> <span class='ocrx_word' id='word_1_550' title='bbox 1598 3993 1784 4031; x_wconf 89' lang='lat' dir='ltr'><strong>omnes</strong></span> <span class='ocrx_word' id='word_1_551' title='bbox 1815 3995 1911 4032; x_wconf 80' lang='lat' dir='ltr'><strong>ex-</strong></span> 
     </span>
    </p>
   </div>
   <div class='ocr_carea' id='block_1_73' title="bbox 339 4068 1913 4137">
    <p class='ocr_par' dir='ltr' id='par_1_73' title="bbox 339 4068 1913 4137">
     <span class='ocr_line' id='line_1_73' title="bbox 339 4068 1913 4137; baseline 0.004 -20"><span class='ocrx_word' id='word_1_552' title='bbox 339 4068 637 4119; x_wconf 78' lang='lat' dir='ltr'><strong>truxerunt&#39;</strong></span> <span class='ocrx_word' id='word_1_553' title='bbox 667 4073 823 4137; x_wconf 92' lang='lat' dir='ltr'><strong>(quos</strong></span> <span class='ocrx_word' id='word_1_554' title='bbox 865 4069 1080 4134; x_wconf 90' lang='lat' dir='ltr'><strong>quidem</strong></span> <span class='ocrx_word' id='word_1_555' title='bbox 1114 4077 1165 4121; x_wconf 90' lang='lat' dir='ltr'><strong>tu</strong></span> <span class='ocrx_word' id='word_1_556' title='bbox 1188 4110 1202 4131; x_wconf 91' lang='lat'><strong>,</strong></span> <span class='ocrx_word' id='word_1_557' title='bbox 1235 4069 1321 4136; x_wconf 93' lang='lat' dir='ltr'><strong>qui</strong></span> <span class='ocrx_word' id='word_1_558' title='bbox 1348 4069 1547 4137; x_wconf 90' lang='lat' dir='ltr'><strong>peccati</strong></span> <span class='ocrx_word' id='word_1_559' title='bbox 1573 4084 1695 4123; x_wconf 85' lang='lat' dir='ltr'><strong>vere</strong></span> <span class='ocrx_word' id='word_1_560' title='bbox 1726 4083 1913 4123; x_wconf 88' lang='lat' dir='ltr'><strong>servus</strong></span> 
     </span>
    </p>
   </div>
   <div class='ocr_carea' id='block_1_74' title="bbox 336 4160 1915 4230">
    <p class='ocr_par' dir='ltr' id='par_1_74' title="bbox 336 4160 1915 4230">
     <span class='ocr_line' id='line_1_74' title="bbox 336 4160 1915 4230; baseline 0.003 -19"><span class='ocrx_word' id='word_1_561' title='bbox 336 4173 417 4222; x_wconf 84' lang='lat' dir='ltr'><strong>es,</strong></span> <span class='ocrx_word' id='word_1_562' title='bbox 446 4160 751 4225; x_wconf 87' lang='lat' dir='ltr'><strong>aspernaris</strong></span> <span class='ocrx_word' id='word_1_563' title='bbox 779 4173 841 4213; x_wconf 87' lang='lat' dir='ltr'><strong>ac</strong></span> <span class='ocrx_word' id='word_1_564' title='bbox 869 4160 1024 4213; x_wconf 87' lang='lat' dir='ltr'><strong>nihili</strong></span> <span class='ocrx_word' id='word_1_565' title='bbox 1057 4161 1284 4226; x_wconf 69' lang='lat' dir='ltr'><strong>pendis),</strong></span> <span class='ocrx_word' id='word_1_566' title='bbox 1345 4177 1438 4229; x_wconf 84' lang='lat' dir='ltr'><strong>per</strong></span> <span class='ocrx_word' id='word_1_567' title='bbox 1471 4163 1617 4230; x_wconf 89' lang='lat' dir='ltr'><strong>signa</strong></span> <span class='ocrx_word' id='word_1_568' title='bbox 1651 4173 1705 4215; x_wconf 88' lang='lat' dir='ltr'><strong>et</strong></span> <span class='ocrx_word' id='word_1_569' title='bbox 1741 4164 1915 4229; x_wconf 88' lang='lat' dir='ltr'><strong>prodi-</strong></span> 
     </span>
    </p>
   </div>
   <div class='ocr_carea' id='block_1_75' title="bbox 336 4247 1911 4314">
    <p class='ocr_par' dir='ltr' id='par_1_75' title="bbox 336 4247 1911 4314">
     <span class='ocr_line' id='line_1_75' title="bbox 336 4247 1911 4314; baseline 0.006 -16"><span class='ocrx_word' id='word_1_570' title='bbox 336 4247 418 4313; x_wconf 90' lang='lat' dir='ltr'><strong>gia</strong></span> <span class='ocrx_word' id='word_1_571' title='bbox 450 4247 582 4301; x_wconf 91' lang='lat' dir='ltr'><strong>solis</strong></span> <span class='ocrx_word' id='word_1_572' title='bbox 609 4248 775 4301; x_wconf 88' lang='lat' dir='ltr'><strong>instar</strong></span> <span class='ocrx_word' id='word_1_573' title='bbox 804 4250 854 4302; x_wconf 92' lang='lat' dir='ltr'><strong>in</strong></span> <span class='ocrx_word' id='word_1_574' title='bbox 886 4250 1082 4303; x_wconf 90' lang='lat' dir='ltr'><strong>mundo</strong></span> <span class='ocrx_word' id='word_1_575' title='bbox 1110 4251 1391 4314; x_wconf 82' lang='lat' dir='ltr'><strong>fulserunt,</strong></span> <span class='ocrx_word' id='word_1_576' title='bbox 1425 4250 1579 4304; x_wconf 67' lang='lat' dir='ltr'><strong>caecis</strong></span> <span class='ocrx_word' id='word_1_577' title='bbox 1611 4253 1780 4305; x_wconf 88' lang='lat' dir='ltr'><strong>lucem</strong></span> <span class='ocrx_word' id='word_1_578' title='bbox 1815 4254 1911 4307; x_wconf 81' lang='lat' dir='ltr'><strong>do-</strong></span> 
     </span>
    </p>
   </div>
   <div class='ocr_carea' id='block_1_76' title="bbox 342 4339 1914 4409">
    <p class='ocr_par' dir='ltr' id='par_1_76' title="bbox 342 4339 1914 4409">
     <span class='ocr_line' id='line_1_76' title="bbox 342 4339 1914 4409; baseline 0.004 -20"><span class='ocrx_word' id='word_1_579' title='bbox 342 4349 550 4404; x_wconf 87' lang='lat' dir='ltr'><strong>nautes,</strong></span> <span class='ocrx_word' id='word_1_580' title='bbox 608 4339 782 4393; x_wconf 89' lang='lat' dir='ltr'><strong>surdis</strong></span> <span class='ocrx_word' id='word_1_581' title='bbox 810 4340 1065 4404; x_wconf 89' lang='lat' dir='ltr'><strong>auditum,</strong></span> <span class='ocrx_word' id='word_1_582' title='bbox 1127 4340 1334 4394; x_wconf 87' lang='lat' dir='ltr'><strong>claudis</strong></span> <span class='ocrx_word' id='word_1_583' title='bbox 1362 4356 1603 4409; x_wconf 83' lang='lat' dir='ltr'><strong>gressum</strong></span> <span class='ocrx_word' id='word_1_584' title='bbox 1627 4383 1640 4403; x_wconf 91' lang='lat'><strong>,</strong></span> <span class='ocrx_word' id='word_1_585' title='bbox 1692 4345 1914 4397; x_wconf 91' lang='lat' dir='ltr'><strong>mortuis</strong></span> 
     </span>
    </p>
   </div>
   <div class='ocr_carea' id='block_1_77' title="bbox 337 4431 1912 4499">
    <p class='ocr_par' dir='ltr' id='par_1_77' title="bbox 337 4431 1912 4499">
     <span class='ocr_line' id='line_1_77' title="bbox 337 4431 1912 4499; baseline 0.001 -18"><span class='ocrx_word' id='word_1_586' title='bbox 337 4431 561 4499; x_wconf 79' lang='lat' dir='ltr'><strong>denique</strong></span> <span class='ocrx_word' id='word_1_587' title='bbox 588 4432 749 4484; x_wconf 87' lang='lat' dir='ltr'><strong>vitam</strong></span> <span class='ocrx_word' id='word_1_588' title='bbox 779 4432 1167 4499; x_wconf 78' lang='lat' dir='ltr'><strong>impertientes.</strong></span> <span class='ocrx_word' id='word_1_589' title='bbox 1218 4432 1347 4485; x_wconf 86' lang='lat' dir='ltr'><strong>Nam</strong></span> <span class='ocrx_word' id='word_1_590' title='bbox 1380 4432 1463 4484; x_wconf 80' lang='grc' dir='ltr'>νιιι</span> <span class='ocrx_word' id='word_1_591' title='bbox 1500 4448 1686 4485; x_wconf 89' lang='lat' dir='ltr'><strong>eorum</strong></span> <span class='ocrx_word' id='word_1_592' title='bbox 1718 4433 1912 4485; x_wconf 79' lang='lat' dir='ltr'><strong>dunta-</strong></span> 
     </span>
    </p>
   </div>
   <div class='ocr_carea' id='block_1_78' title="bbox 2014 3245 3586 3320">
    <p class='ocr_par' dir='ltr' id='par_1_78' title="bbox 2014 3245 3586 3320">
     <span class='ocr_line' id='line_1_78' title="bbox 2014 3245 3586 3320; baseline 0.003 -22"><span class='ocrx_word' id='word_1_593' title='bbox 2014 3245 2172 3314; x_wconf 78' lang='lat'><strong>321</strong></span> <span class='ocrx_word' id='word_1_594' title='bbox 2231 3255 2285 3296; x_wconf 93' lang='lat' dir='ltr'><strong>ut</strong></span> <span class='ocrx_word' id='word_1_595' title='bbox 2315 3259 2408 3298; x_wconf 90' lang='lat' dir='ltr'><strong>eos</strong></span> <span class='ocrx_word' id='word_1_596' title='bbox 2438 3261 2572 3313; x_wconf 88' lang='lat' dir='ltr'><strong>quos</strong></span> <span class='ocrx_word' id='word_1_597' title='bbox 2600 3247 2653 3299; x_wconf 91' lang='lat' dir='ltr'><strong>in</strong></span> <span class='ocrx_word' id='word_1_598' title='bbox 2684 3247 2923 3302; x_wconf 70' lang='lat' dir='ltr'><strong>fraudem</strong></span> <span class='ocrx_word' id='word_1_599' title='bbox 2956 3250 3257 3303; x_wconf 75' lang='lat' dir='ltr'><strong>induxerint</strong></span> <span class='ocrx_word' id='word_1_600' title='bbox 3287 3252 3349 3304; x_wconf 92' lang='lat' dir='ltr'><strong>ad</strong></span> <span class='ocrx_word' id='word_1_601' title='bbox 3386 3266 3586 3320; x_wconf 67' lang='lat' dir='ltr'><strong>praepa-</strong></span> 
     </span>
    </p>
   </div>
   <div class='ocr_carea' id='block_1_79' title="bbox 2015 3333 3586 3407">
    <p class='ocr_par' dir='ltr' id='par_1_79' title="bbox 2015 3333 3586 3407">
     <span class='ocr_line' id='line_1_79' title="bbox 2015 3333 3586 3407; baseline 0.006 -22"><span class='ocrx_word' id='word_1_602' title='bbox 2015 3343 2185 3385; x_wconf 88' lang='lat' dir='ltr'><strong>ratum</strong></span> <span class='ocrx_word' id='word_1_603' title='bbox 2215 3333 2316 3388; x_wconf 89' lang='lat' dir='ltr'><strong>sibi</strong></span> <span class='ocrx_word' id='word_1_604' title='bbox 2348 3337 2731 3401; x_wconf 86' lang='lat' dir='ltr'><strong>sempiternum</strong></span> <span class='ocrx_word' id='word_1_605' title='bbox 2757 3338 2932 3406; x_wconf 88' lang='lat' dir='ltr'><strong>ignem</strong></span> <span class='ocrx_word' id='word_1_606' title='bbox 2975 3340 3208 3395; x_wconf 87' lang='lat' dir='ltr'><strong>trahant.</strong></span> <span class='ocrx_word' id='word_1_607' title='bbox 3264 3342 3444 3407; x_wconf 85' lang='lat' dir='ltr'><strong>quue</strong></span> <span class='ocrx_word' id='word_1_608' title='bbox 3489 3358 3586 3394; x_wconf 87' lang='lat' dir='ltr'><strong>uo-</strong></span> 
     </span>
    </p>
   </div>
   <div class='ocr_carea' id='block_1_80' title="bbox 2014 3424 3584 3498">
    <p class='ocr_par' dir='ltr' id='par_1_80' title="bbox 2014 3424 3584 3498">
     <span class='ocr_line' id='line_1_80' title="bbox 2014 3424 3584 3498; baseline 0.003 -21"><span class='ocrx_word' id='word_1_609' title='bbox 2014 3424 2159 3478; x_wconf 86' lang='lat' dir='ltr'><strong>mine</strong></span> <span class='ocrx_word' id='word_1_610' title='bbox 2187 3425 2331 3478; x_wconf 92' lang='lat' dir='ltr'><strong>omni</strong></span> <span class='ocrx_word' id='word_1_611' title='bbox 2361 3425 2542 3493; x_wconf 85' lang='lat' dir='ltr'><strong>ﬂagitii</strong></span> <span class='ocrx_word' id='word_1_612' title='bbox 2574 3442 2636 3480; x_wconf 88' lang='lat' dir='ltr'><strong>ac</strong></span> <span class='ocrx_word' id='word_1_613' title='bbox 2681 3430 3018 3495; x_wconf 90' lang='lat' dir='ltr'><strong>turpitudinis</strong></span> <span class='ocrx_word' id='word_1_614' title='bbox 3042 3445 3240 3497; x_wconf 88' lang='lat' dir='ltr'><strong>genere</strong></span> <span class='ocrx_word' id='word_1_615' title='bbox 3291 3430 3434 3498; x_wconf 82' lang='lat' dir='ltr'><strong>ipsos</strong></span> <span class='ocrx_word' id='word_1_616' title='bbox 3463 3447 3584 3485; x_wconf 89' lang='lat' dir='ltr'><strong>eru-</strong></span> 
     </span>
    </p>
   </div>
   <div class='ocr_carea' id='block_1_81' title="bbox 2014 3515 3581 3589">
    <p class='ocr_par' dir='ltr' id='par_1_81' title="bbox 2014 3515 3581 3589">
     <span class='ocr_line' id='line_1_81' title="bbox 2014 3515 3581 3589; baseline 0.004 -22"><span class='ocrx_word' id='word_1_617' title='bbox 2014 3515 2245 3578; x_wconf 89' lang='lat' dir='ltr'><strong>dierunt,</strong></span> <span class='ocrx_word' id='word_1_618' title='bbox 2275 3516 2410 3570; x_wconf 89' lang='lat' dir='ltr'><strong>adeo</strong></span> <span class='ocrx_word' id='word_1_619' title='bbox 2433 3528 2488 3571; x_wconf 87' lang='lat' dir='ltr'><strong>ttt</strong></span> <span class='ocrx_word' id='word_1_620' title='bbox 2510 3533 2692 3572; x_wconf 89' lang='lat' dir='ltr'><strong>eorum</strong></span> <span class='ocrx_word' id='word_1_621' title='bbox 2722 3518 2891 3572; x_wconf 82' lang='lat' dir='ltr'><strong>fraudi</strong></span> <span class='ocrx_word' id='word_1_622' title='bbox 2915 3525 3057 3589; x_wconf 92' lang='lat' dir='ltr'><strong>atqui</strong></span> <span class='ocrx_word' id='word_1_623' title='bbox 3091 3523 3395 3589; x_wconf 68' lang='lat' dir='ltr'><strong>imposturze</strong></span> <span class='ocrx_word' id='word_1_624' title='bbox 3417 3524 3581 3575; x_wconf 68' lang='lat' dir='ltr'><strong>semel</strong></span> 
     </span>
    </p>
   </div>
   <div class='ocr_carea' id='block_1_82' title="bbox 2016 3606 3587 3677">
    <p class='ocr_par' dir='ltr' id='par_1_82' title="bbox 2016 3606 3587 3677">
     <span class='ocr_line' id='line_1_82' title="bbox 2016 3606 3587 3677; baseline 0.004 -20"><span class='ocrx_word' id='word_1_625' title='bbox 2016 3606 2209 3658; x_wconf 87' lang='lat' dir='ltr'><strong>addicti</strong></span> <span class='ocrx_word' id='word_1_626' title='bbox 2242 3606 2504 3669; x_wconf 83' lang='lat' dir='ltr'><strong>homines,</strong></span> <span class='ocrx_word' id='word_1_627' title='bbox 2563 3610 2757 3661; x_wconf 86' lang='lat' dir='ltr'><strong>mentis</strong></span> <span class='ocrx_word' id='word_1_628' title='bbox 2782 3611 3015 3663; x_wconf 86' lang='lat' dir='ltr'><strong>tenebris</strong></span> <span class='ocrx_word' id='word_1_629' title='bbox 3062 3611 3385 3675; x_wconf 78' lang='lat' dir='ltr'><strong>circumfusi,</strong></span> <span class='ocrx_word' id='word_1_630' title='bbox 3429 3621 3587 3677; x_wconf 87' lang='lat' dir='ltr'><strong>atque</strong></span> 
     </span>
    </p>
   </div>
   <div class='ocr_carea' id='block_1_83' title="bbox 2017 3698 3587 3770">
    <p class='ocr_par' dir='ltr' id='par_1_83' title="bbox 2017 3698 3587 3770">
     <span class='ocr_line' id='line_1_83' title="bbox 2017 3698 3587 3770; baseline 0.005 -23"><span class='ocrx_word' id='word_1_631' title='bbox 2017 3701 2083 3748; x_wconf 91' lang='lat' dir='ltr'><strong>ad</strong></span> <span class='ocrx_word' id='word_1_632' title='bbox 2117 3698 2375 3755; x_wconf 84' lang='lat' dir='ltr'><strong>malorum</strong></span> <span class='ocrx_word' id='word_1_633' title='bbox 2402 3698 2753 3764; x_wconf 89' lang='lat' dir='ltr'><strong>colophonem</strong></span> <span class='ocrx_word' id='word_1_634' title='bbox 2778 3710 3075 3765; x_wconf 83' lang='lat' dir='ltr'><strong>venientes,</strong></span> <span class='ocrx_word' id='word_1_635' title='bbox 3124 3703 3201 3753; x_wconf 91' lang='lat' dir='ltr'><strong>sui</strong></span> <span class='ocrx_word' id='word_1_636' title='bbox 3231 3702 3449 3770; x_wconf 85' lang='lat' dir='ltr'><strong>quisque</strong></span> <span class='ocrx_word' id='word_1_637' title='bbox 3481 3703 3587 3755; x_wconf 90' lang='lat' dir='ltr'><strong>vitii</strong></span> 
     </span>
    </p>
   </div>
   <div class='ocr_carea' id='block_1_84' title="bbox 2018 3789 3587 3858">
    <p class='ocr_par' dir='ltr' id='par_1_84' title="bbox 2018 3789 3587 3858">
     <span class='ocr_line' id='line_1_84' title="bbox 2018 3789 3587 3858; baseline 0.003 -19"><span class='ocrx_word' id='word_1_638' title='bbox 2018 3801 2079 3841; x_wconf 87' lang='lat' dir='ltr'><strong>ac</strong></span> <span class='ocrx_word' id='word_1_639' title='bbox 2108 3803 2218 3841; x_wconf 72' lang='lat' dir='ltr'><strong>sua:</strong></span> <span class='ocrx_word' id='word_1_640' title='bbox 2253 3789 2558 3855; x_wconf 85' lang='lat' dir='ltr'><strong>cupiditatis</strong></span> <span class='ocrx_word' id='word_1_641' title='bbox 2587 3799 2813 3841; x_wconf 88' lang='lat' dir='ltr'><strong>statuam</strong></span> <span class='ocrx_word' id='word_1_642' title='bbox 2844 3790 3075 3852; x_wconf 86' lang='lat' dir='ltr'><strong>ﬁxerint,</strong></span> <span class='ocrx_word' id='word_1_643' title='bbox 3128 3793 3388 3858; x_wconf 84' lang='lat' dir='ltr'><strong>deumque</strong></span> <span class='ocrx_word' id='word_1_644' title='bbox 3421 3794 3587 3844; x_wconf 81' lang='lat' dir='ltr'><strong>nomi-</strong></span> 
     </span>
    </p>
   </div>
   <div class='ocr_carea' id='block_1_85' title="bbox 2018 3882 3589 3948">
    <p class='ocr_par' dir='ltr' id='par_1_85' title="bbox 2018 3882 3589 3948">
     <span class='ocr_line' id='line_1_85' title="bbox 2018 3882 3589 3948; baseline 0.003 -14"><span class='ocrx_word' id='word_1_645' title='bbox 2018 3882 2213 3935; x_wconf 88' lang='lat' dir='ltr'><strong>nariut.</strong></span> <span class='ocrx_word' id='word_1_646' title='bbox 2246 3882 2355 3947; x_wconf 86' lang='lat' dir='ltr'><strong>Qua</strong></span> <span class='ocrx_word' id='word_1_647' title='bbox 2388 3882 2599 3948; x_wconf 93' lang='lat' dir='ltr'><strong>quidem</strong></span> <span class='ocrx_word' id='word_1_648' title='bbox 2650 3883 2701 3934; x_wconf 91' lang='lat' dir='ltr'><strong>in</strong></span> <span class='ocrx_word' id='word_1_649' title='bbox 2732 3898 2825 3947; x_wconf 90' lang='lat' dir='ltr'><strong>re,</strong></span> <span class='ocrx_word' id='word_1_650' title='bbox 2885 3899 3006 3936; x_wconf 84' lang='lat' dir='ltr'><strong>cum</strong></span> <span class='ocrx_word' id='word_1_651' title='bbox 3036 3886 3235 3937; x_wconf 90' lang='lat' dir='ltr'><strong>erroris</strong></span> <span class='ocrx_word' id='word_1_652' title='bbox 3263 3885 3342 3938; x_wconf 90' lang='lat' dir='ltr'><strong>sui</strong></span> <span class='ocrx_word' id='word_1_653' title='bbox 3375 3889 3589 3938; x_wconf 85' lang='lat' dir='ltr'><strong>nomlue</strong></span> 
     </span>
    </p>
   </div>
   <div class='ocr_carea' id='block_1_86' title="bbox 2018 3974 3588 4042">
    <p class='ocr_par' dir='ltr' id='par_1_86' title="bbox 2018 3974 3588 4042">
     <span class='ocr_line' id='line_1_86' title="bbox 2018 3974 3588 4042; baseline 0.002 -16"><span class='ocrx_word' id='word_1_654' title='bbox 2018 3976 2325 4026; x_wconf 85' lang='lat' dir='ltr'><strong>exsecrandi</strong></span> <span class='ocrx_word' id='word_1_655' title='bbox 2356 3974 2483 4035; x_wconf 90' lang='lat' dir='ltr'><strong>sint,</strong></span> <span class='ocrx_word' id='word_1_656' title='bbox 2517 3983 2628 4025; x_wconf 92' lang='lat' dir='ltr'><strong>tum</strong></span> <span class='ocrx_word' id='word_1_657' title='bbox 2657 3989 2784 4027; x_wconf 83' lang='lat' dir='ltr'><strong>vero</strong></span> <span class='ocrx_word' id='word_1_658' title='bbox 2800 3977 2868 4028; x_wconf 91' lang='lat' dir='ltr'><strong>ob</strong></span> <span class='ocrx_word' id='word_1_659' title='bbox 2895 3990 3075 4028; x_wconf 90' lang='lat' dir='ltr'><strong>earum</strong></span> <span class='ocrx_word' id='word_1_660' title='bbox 3109 3989 3286 4029; x_wconf 90' lang='lat' dir='ltr'><strong>rerum</strong></span> <span class='ocrx_word' id='word_1_661' title='bbox 3310 3989 3441 4042; x_wconf 88' lang='lat' dir='ltr'><strong>quas</strong></span> <span class='ocrx_word' id='word_1_662' title='bbox 3463 3976 3588 4029; x_wconf 78' lang='lat' dir='ltr'><strong>ado~</strong></span> 
     </span>
    </p>
   </div>
   <div class='ocr_carea' id='block_1_87' title="bbox 2019 4063 3589 4136">
    <p class='ocr_par' dir='ltr' id='par_1_87' title="bbox 2019 4063 3589 4136">
     <span class='ocr_line' id='line_1_87' title="bbox 2019 4063 3589 4136; baseline 0.003 -21"><span class='ocrx_word' id='word_1_663' title='bbox 2019 4073 2137 4115; x_wconf 88' lang='lat' dir='ltr'><strong>rant</strong></span> <span class='ocrx_word' id='word_1_664' title='bbox 2185 4063 2563 4117; x_wconf 82' lang='lat' dir='ltr'><strong>absuiditatem</strong></span> <span class='ocrx_word' id='word_1_665' title='bbox 2619 4064 2802 4133; x_wconf 86' lang='lat' dir='ltr'><strong>majori</strong></span> <span class='ocrx_word' id='word_1_666' title='bbox 2859 4067 3225 4120; x_wconf 69' lang='lat' dir='ltr'><strong>exsecratione</strong></span> <span class='ocrx_word' id='word_1_667' title='bbox 3292 4067 3482 4136; x_wconf 88' lang='lat' dir='ltr'><strong>dignos</strong></span> <span class='ocrx_word' id='word_1_668' title='bbox 3530 4081 3589 4119; x_wconf 85' lang='lat' dir='ltr'><strong>se</strong></span> 
     </span>
    </p>
   </div>
   <div class='ocr_carea' id='block_1_88' title="bbox 2004 4154 3588 4226">
    <p class='ocr_par' dir='ltr' id='par_1_88' title="bbox 2004 4154 3588 4226">
     <span class='ocr_line' id='line_1_88' title="bbox 2004 4154 3588 4226; baseline 0.001 -18"><span class='ocrx_word' id='word_1_669' title='bbox 2004 4159 2378 4222; x_wconf 10' lang='lat' dir='ltr'><strong>aprzebueruut.</strong></span> <span class='ocrx_word' id='word_1_670' title='bbox 2428 4154 2483 4208; x_wconf 91' lang='lat' dir='ltr'><strong>ld</strong></span> <span class='ocrx_word' id='word_1_671' title='bbox 2529 4164 2705 4209; x_wconf 91' lang='lat' dir='ltr'><strong>autem</strong></span> <span class='ocrx_word' id='word_1_672' title='bbox 2748 4156 2926 4209; x_wconf 90' lang='lat' dir='ltr'><strong>tandiu</strong></span> <span class='ocrx_word' id='word_1_673' title='bbox 2955 4158 3128 4211; x_wconf 90' lang='lat' dir='ltr'><strong>locum</strong></span> <span class='ocrx_word' id='word_1_674' title='bbox 3157 4158 3358 4221; x_wconf 90' lang='lat' dir='ltr'><strong>habuit,</strong></span> <span class='ocrx_word' id='word_1_675' title='bbox 3414 4158 3588 4226; x_wconf 88' lang='lat' dir='ltr'><strong>quoad</strong></span> 
     </span>
    </p>
   </div>
   <div class='ocr_carea' id='block_1_89' title="bbox 2021 4247 3587 4317">
    <p class='ocr_par' dir='ltr' id='par_1_89' title="bbox 2021 4247 3587 4317">
     <span class='ocr_line' id='line_1_89' title="bbox 2021 4247 3587 4317; baseline 0.001 -18"><span class='ocrx_word' id='word_1_676' title='bbox 2021 4247 2273 4299; x_wconf 91' lang='lat' dir='ltr'><strong>Dominus</strong></span> <span class='ocrx_word' id='word_1_677' title='bbox 2306 4247 2617 4313; x_wconf 42' lang='lat' dir='ltr'><strong>per‘viscera</strong></span> <span class='ocrx_word' id='word_1_678' title='bbox 2647 4248 3023 4301; x_wconf 67' lang='lat' dir='ltr'><strong>misericordiae</strong></span> <span class='ocrx_word' id='word_1_679' title='bbox 3045 4263 3153 4301; x_wconf 61' lang='lat' dir='ltr'><strong>suae</strong></span> <span class='ocrx_word' id='word_1_680' title='bbox 3176 4264 3271 4317; x_wconf 87' lang='lat' dir='ltr'><strong>nos</strong></span> <span class='ocrx_word' id='word_1_681' title='bbox 3300 4250 3387 4316; x_wconf 89' lang='lat' dir='ltr'><strong>qui</strong></span> <span class='ocrx_word' id='word_1_682' title='bbox 3422 4250 3587 4313; x_wconf 85' lang='lat' dir='ltr'><strong>ipsius</strong></span> 
     </span>
    </p>
   </div>
   <div class='ocr_carea' id='block_1_90' title="bbox 2020 4338 3589 4407">
    <p class='ocr_par' dir='ltr' id='par_1_90' title="bbox 2020 4338 3589 4407">
     <span class='ocr_line' id='line_1_90' title="bbox 2020 4338 3589 4407; baseline 0.001 -17"><span class='ocrx_word' id='word_1_683' title='bbox 2020 4338 2120 4390; x_wconf 92' lang='lat' dir='ltr'><strong>ﬁde</strong></span> <span class='ocrx_word' id='word_1_684' title='bbox 2149 4338 2352 4404; x_wconf 67' lang='lat' dir='ltr'><strong>praediti</strong></span> <span class='ocrx_word' id='word_1_685' title='bbox 2385 4353 2591 4401; x_wconf 85' lang='lat' dir='ltr'><strong>sumus,</strong></span> <span class='ocrx_word' id='word_1_686' title='bbox 2624 4352 2686 4392; x_wconf 84' lang='lat' dir='ltr'><strong>ex</strong></span> <span class='ocrx_word' id='word_1_687' title='bbox 2736 4338 2978 4405; x_wconf 92' lang='lat' dir='ltr'><strong>improbo</strong></span> <span class='ocrx_word' id='word_1_688' title='bbox 3007 4354 3069 4391; x_wconf 90' lang='lat' dir='ltr'><strong>ac</strong></span> <span class='ocrx_word' id='word_1_689' title='bbox 3114 4340 3365 4406; x_wconf 76' lang='lat' dir='ltr'><strong>pesﬁfero</strong></span> <span class='ocrx_word' id='word_1_690' title='bbox 3412 4339 3589 4407; x_wconf 88' lang='lat' dir='ltr'><strong>hujus-</strong></span> 
     </span>
    </p>
   </div>
   <div class='ocr_carea' id='block_1_91' title="bbox 2019 4429 3583 4497">
    <p class='ocr_par' dir='ltr' id='par_1_91' title="bbox 2019 4429 3583 4497">
     <span class='ocr_line' id='line_1_91' title="bbox 2019 4429 3583 4497; baseline 0.002 -16"><span class='ocrx_word' id='word_1_691' title='bbox 2019 4429 2159 4482; x_wconf 90' lang='lat' dir='ltr'><strong>modi</strong></span> <span class='ocrx_word' id='word_1_692' title='bbox 2186 4444 2371 4483; x_wconf 92' lang='lat' dir='ltr'><strong>errore</strong></span> <span class='ocrx_word' id='word_1_693' title='bbox 2397 4429 2660 4493; x_wconf 90' lang='lat' dir='ltr'><strong>liberavit,</strong></span> <span class='ocrx_word' id='word_1_694' title='bbox 2683 4444 2914 4497; x_wconf 87' lang='lat' dir='ltr'><strong>veraque</strong></span> <span class='ocrx_word' id='word_1_695' title='bbox 2936 4430 3029 4483; x_wconf 91' lang='lat' dir='ltr'><strong>Dei</strong></span> <span class='ocrx_word' id='word_1_696' title='bbox 3053 4431 3351 4497; x_wconf 88' lang='lat' dir='ltr'><strong>cognitione</strong></span> <span class='ocrx_word' id='word_1_697' title='bbox 3373 4431 3583 4484; x_wconf 81' lang='lat' dir='ltr'><strong>imbuit.</strong></span> 
     </span>
    </p>
   </div>
   <div class='ocr_carea' id='block_1_92' title="bbox 337 4506 3585 4589">
    <p class='ocr_par' dir='ltr' id='par_1_92' title="bbox 337 4506 3585 4589">
     <span class='ocr_line' id='line_1_92' title="bbox 337 4506 3585 4589; baseline 0.001 -19"><span class='ocrx_word' id='word_1_698' title='bbox 337 4529 422 4571; x_wconf 79' lang='lat' dir='ltr'><strong>xat</strong></span> <span class='ocrx_word' id='word_1_699' title='bbox 474 4518 673 4573; x_wconf 75' lang='lat' dir='ltr'><strong>umbra:</strong></span> <span class='ocrx_word' id='word_1_700' title='bbox 724 4533 912 4574; x_wconf 89' lang='lat' dir='ltr'><strong>omnes</strong></span> <span class='ocrx_word' id='word_1_701' title='bbox 965 4518 1238 4573; x_wconf 92' lang='lat' dir='ltr'><strong>hominum</strong></span> <span class='ocrx_word' id='word_1_702' title='bbox 1289 4521 1508 4573; x_wconf 84' lang='lat' dir='ltr'><strong>morbos</strong></span> <span class='ocrx_word' id='word_1_703' title='bbox 1562 4521 1914 4589; x_wconf 78' lang='lat' dir='ltr'><strong>proﬁigabant</strong></span> <span class='ocrx_word' id='word_1_704' title='bbox 1943 4506 1993 4565; x_wconf 90' lang='grc' dir='ltr'><strong>Ι)</strong></span> <span class='ocrx_word' id='word_1_705' title='bbox 2018 4519 2199 4587; x_wconf 84' lang='lat' dir='ltr'><strong>Neque</strong></span> <span class='ocrx_word' id='word_1_706' title='bbox 2223 4520 2364 4572; x_wconf 90' lang='lat' dir='ltr'><strong>enim</strong></span> <span class='ocrx_word' id='word_1_707' title='bbox 2400 4520 2452 4572; x_wconf 91' lang='lat' dir='ltr'><strong>in</strong></span> <span class='ocrx_word' id='word_1_708' title='bbox 2484 4519 2587 4571; x_wconf 91' lang='lat' dir='ltr'><strong>alio</strong></span> <span class='ocrx_word' id='word_1_709' title='bbox 2606 4519 2714 4571; x_wconf 88' lang='lat' dir='ltr'><strong>ullo</strong></span> <span class='ocrx_word' id='word_1_710' title='bbox 2734 4519 2875 4572; x_wconf 88' lang='lat' dir='ltr'><strong>salus</strong></span> <span class='ocrx_word' id='word_1_711' title='bbox 2908 4529 3011 4584; x_wconf 87' lang='lat' dir='ltr'><strong>est,</strong></span> <span class='ocrx_word' id='word_1_712' title='bbox 3035 4534 3132 4572; x_wconf 90' lang='lat' dir='ltr'><strong>nec</strong></span> <span class='ocrx_word' id='word_1_713' title='bbox 3158 4530 3386 4587; x_wconf 87' lang='lat' dir='ltr'><strong>praepter</strong></span> <span class='ocrx_word' id='word_1_714' title='bbox 3416 4522 3585 4587; x_wconf 91' lang='lat' dir='ltr'><strong>ipsum</strong></span> 
     </span>
    </p>
   </div>
   <div class='ocr_carea' id='block_1_93' title="bbox 338 4611 1911 4680">
    <p class='ocr_par' dir='ltr' id='par_1_93' title="bbox 338 4611 1911 4680">
     <span class='ocr_line' id='line_1_93' title="bbox 338 4611 1911 4680; baseline 0.001 -17"><span class='ocrx_word' id='word_1_715' title='bbox 338 4611 475 4669; x_wconf 80' lang='lat' dir='ltr'><strong>(Act.</strong></span> <span class='ocrx_word' id='word_1_716' title='bbox 514 4613 588 4680; x_wconf 91' lang='lat' dir='ltr'><strong>v).</strong></span> <span class='ocrx_word' id='word_1_717' title='bbox 640 4611 918 4666; x_wconf 61' lang='lat' dir='ltr'><strong>Daemones</strong></span> <span class='ocrx_word' id='word_1_718' title='bbox 968 4625 1102 4680; x_wconf 90' lang='lat' dir='ltr'><strong>quos</strong></span> <span class='ocrx_word' id='word_1_719' title='bbox 1138 4626 1231 4663; x_wconf 90' lang='lat' dir='ltr'><strong>vos</strong></span> <span class='ocrx_word' id='word_1_720' title='bbox 1259 4622 1314 4664; x_wconf 93' lang='lat' dir='ltr'><strong>ut</strong></span> <span class='ocrx_word' id='word_1_721' title='bbox 1344 4612 1472 4663; x_wconf 91' lang='lat' dir='ltr'><strong>deos</strong></span> <span class='ocrx_word' id='word_1_722' title='bbox 1506 4612 1756 4674; x_wconf 91' lang='lat' dir='ltr'><strong>metuitis,</strong></span> <span class='ocrx_word' id='word_1_723' title='bbox 1808 4629 1911 4665; x_wconf 89' lang='lat' dir='ltr'><strong>non</strong></span> 
     </span>
    </p>
   </div>
   <div class='ocr_carea' id='block_1_94' title="bbox 337 4702 1914 4772">
    <p class='ocr_par' dir='ltr' id='par_1_94' title="bbox 337 4702 1914 4772">
     <span class='ocr_line' id='line_1_94' title="bbox 337 4702 1914 4772; baseline 0.001 -16"><span class='ocrx_word' id='word_1_724' title='bbox 337 4702 495 4756; x_wconf 79' lang='lat' dir='ltr'><strong>mtqu</strong></span> <span class='ocrx_word' id='word_1_725' title='bbox 524 4704 592 4757; x_wconf 88' lang='lat' dir='ltr'><strong>ab</strong></span> <span class='ocrx_word' id='word_1_726' title='bbox 620 4702 869 4756; x_wconf 87' lang='lat' dir='ltr'><strong>humanis</strong></span> <span class='ocrx_word' id='word_1_727' title='bbox 892 4704 1208 4772; x_wconf 90' lang='lat' dir='ltr'><strong>corporibus</strong></span> <span class='ocrx_word' id='word_1_728' title='bbox 1236 4703 1598 4772; x_wconf 89' lang='lat' dir='ltr'><strong>depellebant,</strong></span> <span class='ocrx_word' id='word_1_729' title='bbox 1630 4705 1720 4757; x_wconf 83' lang='lat' dir='ltr'><strong>sed</strong></span> <span class='ocrx_word' id='word_1_730' title='bbox 1754 4706 1914 4758; x_wconf 87' lang='lat' dir='ltr'><strong>etiam</strong></span> 
     </span>
    </p>
   </div>
   <div class='ocr_carea' id='block_1_95' title="bbox 337 4795 1917 4864">
    <p class='ocr_par' dir='ltr' id='par_1_95' title="bbox 337 4795 1917 4864">
     <span class='ocr_line' id='line_1_95' title="bbox 337 4795 1917 4864; baseline 0 -15"><span class='ocrx_word' id='word_1_731' title='bbox 337 4796 508 4849; x_wconf 85' lang='lat' dir='ltr'><strong>crucis</strong></span> <span class='ocrx_word' id='word_1_732' title='bbox 530 4796 682 4863; x_wconf 88' lang='lat' dir='ltr'><strong>signo</strong></span> <span class='ocrx_word' id='word_1_733' title='bbox 708 4808 770 4848; x_wconf 82' lang='lat' dir='ltr'><strong>ex</strong></span> <span class='ocrx_word' id='word_1_734' title='bbox 799 4795 914 4862; x_wconf 86' lang='lat' dir='ltr'><strong>ipso</strong></span> <span class='ocrx_word' id='word_1_735' title='bbox 946 4804 1208 4848; x_wconf 91' lang='lat' dir='ltr'><strong>terrarum</strong></span> <span class='ocrx_word' id='word_1_736' title='bbox 1251 4795 1381 4849; x_wconf 92' lang='lat' dir='ltr'><strong>orbe</strong></span> <span class='ocrx_word' id='word_1_737' title='bbox 1412 4795 1664 4863; x_wconf 80' lang='lat' dir='ltr'><strong>fugabaut</strong></span> <span class='ocrx_word' id='word_1_738' title='bbox 1697 4814 1707 4847; x_wconf 75' lang='grc' dir='ltr'>ε</span> <span class='ocrx_word' id='word_1_739' title='bbox 1767 4796 1917 4864; x_wconf 83' lang='lat' dir='ltr'><strong>cujus</strong></span> 
     </span>
    </p>
   </div>
   <div class='ocr_carea' id='block_1_96' title="bbox 336 4887 1920 4957">
    <p class='ocr_par' dir='ltr' id='par_1_96' title="bbox 336 4887 1920 4957">
     <span class='ocr_line' id='line_1_96' title="bbox 336 4887 1920 4957; baseline 0.001 -15"><span class='ocrx_word' id='word_1_740' title='bbox 336 4903 436 4957; x_wconf 88' lang='lat' dir='ltr'><strong>ope</strong></span> <span class='ocrx_word' id='word_1_741' title='bbox 463 4897 624 4957; x_wconf 87' lang='lat' dir='ltr'><strong>atque</strong></span> <span class='ocrx_word' id='word_1_742' title='bbox 671 4887 976 4955; x_wconf 86' lang='lat' dir='ltr'><strong>adjumeuto</strong></span> <span class='ocrx_word' id='word_1_743' title='bbox 1019 4903 1230 4941; x_wconf 87' lang='lat' dir='ltr'><strong>omnem</strong></span> <span class='ocrx_word' id='word_1_744' title='bbox 1277 4889 1488 4956; x_wconf 87' lang='lat' dir='ltr'><strong>quidem</strong></span> <span class='ocrx_word' id='word_1_745' title='bbox 1522 4891 1745 4956; x_wconf 59' lang='lat' dir='ltr'><strong>magiam</strong></span> <span class='ocrx_word' id='word_1_746' title='bbox 1775 4890 1920 4944; x_wconf 90' lang='lat' dir='ltr'><strong>dele-</strong></span> 
     </span>
    </p>
   </div>
   <div class='ocr_carea' id='block_1_97' title="bbox 338 4978 1909 5047">
    <p class='ocr_par' dir='ltr' id='par_1_97' title="bbox 338 4978 1909 5047">
     <span class='ocr_line' id='line_1_97' title="bbox 338 4978 1909 5047; baseline 0.003 -16"><span class='ocrx_word' id='word_1_747' title='bbox 338 4988 549 5046; x_wconf 91' lang='lat' dir='ltr'><strong>verunt,</strong></span> <span class='ocrx_word' id='word_1_748' title='bbox 575 4978 933 5045; x_wconf 87' lang='lat' dir='ltr'><strong>veneﬁciaque</strong></span> <span class='ocrx_word' id='word_1_749' title='bbox 956 4979 1130 5031; x_wconf 87' lang='lat' dir='ltr'><strong>omnia</strong></span> <span class='ocrx_word' id='word_1_750' title='bbox 1154 4978 1299 5031; x_wconf 90' lang='lat' dir='ltr'><strong>irrita</strong></span> <span class='ocrx_word' id='word_1_751' title='bbox 1325 4980 1691 5034; x_wconf 86' lang='lat' dir='ltr'><strong>reddiderunt.</strong></span> <span class='ocrx_word' id='word_1_752' title='bbox 1740 4982 1909 5047; x_wconf 82' lang='lat' dir='ltr'><strong>Atque</strong></span> 
     </span>
    </p>
   </div>
   <div class='ocr_carea' id='block_1_98' title="bbox 339 5070 1909 5140">
    <p class='ocr_par' dir='ltr' id='par_1_98' title="bbox 339 5070 1909 5140">
     <span class='ocr_line' id='line_1_98' title="bbox 339 5070 1909 5140; baseline 0.001 -15"><span class='ocrx_word' id='word_1_753' title='bbox 339 5072 413 5125; x_wconf 91' lang='lat' dir='ltr'><strong>illi</strong></span> <span class='ocrx_word' id='word_1_754' title='bbox 444 5072 658 5140; x_wconf 85' lang='lat' dir='ltr'><strong>quidem</strong></span> <span class='ocrx_word' id='word_1_755' title='bbox 692 5070 918 5123; x_wconf 88' lang='lat' dir='ltr'><strong>humana</strong></span> <span class='ocrx_word' id='word_1_756' title='bbox 951 5070 1260 5124; x_wconf 87' lang='lat' dir='ltr'><strong>inﬁrmitate</strong></span> <span class='ocrx_word' id='word_1_757' title='bbox 1312 5086 1406 5139; x_wconf 90' lang='lat' dir='ltr'><strong>per</strong></span> <span class='ocrx_word' id='word_1_758' title='bbox 1434 5072 1628 5125; x_wconf 82' lang='lat' dir='ltr'><strong>Christi</strong></span> <span class='ocrx_word' id='word_1_759' title='bbox 1660 5074 1909 5127; x_wconf 88' lang='lat' dir='ltr'><strong>virtutem</strong></span> 
     </span>
    </p>
   </div>
   <div class='ocr_carea' id='block_1_99' title="bbox 338 5158 1912 5227">
    <p class='ocr_par' dir='ltr' id='par_1_99' title="bbox 338 5158 1912 5227">
     <span class='ocr_line' id='line_1_99' title="bbox 338 5158 1912 5227; baseline 0.003 -14"><span class='ocrx_word' id='word_1_760' title='bbox 338 5161 403 5215; x_wconf 85' lang='lat' dir='ltr'><strong>ad</strong></span> <span class='ocrx_word' id='word_1_761' title='bbox 438 5163 579 5214; x_wconf 90' lang='lat' dir='ltr'><strong>hunc</strong></span> <span class='ocrx_word' id='word_1_762' title='bbox 602 5159 818 5213; x_wconf 89' lang='lat' dir='ltr'><strong>modum</strong></span> <span class='ocrx_word' id='word_1_763' title='bbox 846 5158 1041 5225; x_wconf 86' lang='lat' dir='ltr'><strong>sanati,</strong></span> <span class='ocrx_word' id='word_1_764' title='bbox 1084 5159 1349 5227; x_wconf 90' lang='lat' dir='ltr'><strong>rebusque</strong></span> <span class='ocrx_word' id='word_1_765' title='bbox 1393 5160 1641 5215; x_wconf 91' lang='lat' dir='ltr'><strong>omnibus</strong></span> <span class='ocrx_word' id='word_1_766' title='bbox 1685 5162 1912 5217; x_wconf 86' lang='lat' dir='ltr'><strong>conditis</strong></span> 
     </span>
    </p>
   </div>
   <div class='ocr_carea' id='block_1_100' title="bbox 341 5253 1913 5321">
    <p class='ocr_par' dir='ltr' id='par_1_100' title="bbox 341 5253 1913 5321">
     <span class='ocr_line' id='line_1_100' title="bbox 341 5253 1913 5321; baseline 0.001 -13"><span class='ocrx_word' id='word_1_767' title='bbox 341 5254 631 5319; x_wconf 85' lang='lat' dir='ltr'><strong>renovatis,</strong></span> <span class='ocrx_word' id='word_1_768' title='bbox 666 5261 915 5321; x_wconf 88' lang='lat' dir='ltr'><strong>tanquam</strong></span> <span class='ocrx_word' id='word_1_769' title='bbox 945 5253 1183 5306; x_wconf 88' lang='lat' dir='ltr'><strong>veritatis</strong></span> <span class='ocrx_word' id='word_1_770' title='bbox 1220 5267 1495 5319; x_wconf 70' lang='lat' dir='ltr'><strong>prtecones</strong></span> <span class='ocrx_word' id='word_1_771' title='bbox 1552 5256 1619 5306; x_wconf 91' lang='lat' dir='ltr'><strong>ab</strong></span> <span class='ocrx_word' id='word_1_772' title='bbox 1665 5255 1913 5310; x_wconf 90' lang='lat' dir='ltr'><strong>omnibus</strong></span> 
     </span>
    </p>
   </div>
   <div class='ocr_carea' id='block_1_101' title="bbox 338 5342 1913 5412">
    <p class='ocr_par' dir='ltr' id='par_1_101' title="bbox 338 5342 1913 5412">
     <span class='ocr_line' id='line_1_101' title="bbox 338 5342 1913 5412; baseline 0 -13"><span class='ocrx_word' id='word_1_773' title='bbox 338 5346 403 5399; x_wconf 88' lang='lat' dir='ltr'><strong>iis</strong></span> <span class='ocrx_word' id='word_1_774' title='bbox 428 5345 515 5412; x_wconf 90' lang='lat' dir='ltr'><strong>qui</strong></span> <span class='ocrx_word' id='word_1_775' title='bbox 540 5344 797 5410; x_wconf 90' lang='lat' dir='ltr'><strong>sapientia</strong></span> <span class='ocrx_word' id='word_1_776' title='bbox 817 5342 1022 5411; x_wconf 65' lang='lat' dir='ltr'><strong>praediti</strong></span> <span class='ocrx_word' id='word_1_777' title='bbox 1055 5351 1179 5395; x_wconf 90' lang='lat' dir='ltr'><strong>sunt</strong></span> <span class='ocrx_word' id='word_1_778' title='bbox 1208 5342 1508 5407; x_wconf 90' lang='lat' dir='ltr'><strong>laudantur,</strong></span> <span class='ocrx_word' id='word_1_779' title='bbox 1541 5346 1913 5399; x_wconf 88' lang='lat' dir='ltr'><strong>admirationi-</strong></span> 
     </span>
    </p>
   </div>
   <div class='ocr_carea' id='block_1_102' title="bbox 336 5432 1911 5506">
    <p class='ocr_par' dir='ltr' id='par_1_102' title="bbox 336 5432 1911 5506">
     <span class='ocr_line' id='line_1_102' title="bbox 336 5432 1911 5506; baseline 0 -15"><span class='ocrx_word' id='word_1_780' title='bbox 336 5451 441 5506; x_wconf 87' lang='lat' dir='ltr'><strong>que</strong></span> <span class='ocrx_word' id='word_1_781' title='bbox 464 5436 751 5489; x_wconf 87' lang='lat' dir='ltr'><strong>habentur.</strong></span> <span class='ocrx_word' id='word_1_782' title='bbox 773 5433 907 5498; x_wconf 86' lang='lat' dir='ltr'><strong>Quid</strong></span> <span class='ocrx_word' id='word_1_783' title='bbox 933 5444 1109 5487; x_wconf 87' lang='lat' dir='ltr'><strong>autem</strong></span> <span class='ocrx_word' id='word_1_784' title='bbox 1130 5432 1459 5501; x_wconf 88' lang='lat' dir='ltr'><strong>habes,quod</strong></span> <span class='ocrx_word' id='word_1_785' title='bbox 1490 5434 1556 5487; x_wconf 90' lang='lat' dir='ltr'><strong>de</strong></span> <span class='ocrx_word' id='word_1_786' title='bbox 1580 5436 1911 5503; x_wconf 90' lang='lat' dir='ltr'><strong>sapientibus</strong></span> 
     </span>
    </p>
   </div>
   <div class='ocr_carea' id='block_1_103' title="bbox 342 5525 1914 5598">
    <p class='ocr_par' dir='ltr' id='par_1_103' title="bbox 342 5525 1914 5598">
     <span class='ocr_line' id='line_1_103' title="bbox 342 5525 1914 5598; baseline 0 -16"><span class='ocrx_word' id='word_1_787' title='bbox 342 5539 499 5598; x_wconf 88' lang='lat' dir='ltr'><strong>atque</strong></span> <span class='ocrx_word' id='word_1_788' title='bbox 512 5526 811 5580; x_wconf 87' lang='lat' dir='ltr'><strong>oratoribus</strong></span> <span class='ocrx_word' id='word_1_789' title='bbox 828 5527 1182 5594; x_wconf 90' lang='lat' dir='ltr'><strong>tuis,quorum</strong></span> <span class='ocrx_word' id='word_1_790' title='bbox 1203 5525 1338 5579; x_wconf 85' lang='lat' dir='ltr'><strong>Deus</strong></span> <span class='ocrx_word' id='word_1_791' title='bbox 1362 5526 1679 5594; x_wconf 86' lang='lat' dir='ltr'><strong>sapientiam</strong></span> <span class='ocrx_word' id='word_1_792' title='bbox 1697 5528 1914 5583; x_wconf 88' lang='lat' dir='ltr'><strong>stultam</strong></span> 
     </span>
    </p>
   </div>
   <div class='ocr_carea' id='block_1_104' title="bbox 343 5614 1917 5683">
    <p class='ocr_par' dir='ltr' id='par_1_104' title="bbox 343 5614 1917 5683">
     <span class='ocr_line' id='line_1_104' title="bbox 343 5614 1917 5683; baseline 0.001 -12"><span class='ocrx_word' id='word_1_793' title='bbox 343 5618 488 5682; x_wconf 82' lang='lat' dir='ltr'><strong>fecit,</strong></span> <span class='ocrx_word' id='word_1_794' title='bbox 506 5616 711 5683; x_wconf 90' lang='lat' dir='ltr'><strong>deillis,</strong></span> <span class='ocrx_word' id='word_1_795' title='bbox 735 5616 971 5682; x_wconf 91' lang='lat' dir='ltr'><strong>inquam,</strong></span> <span class='ocrx_word' id='word_1_796' title='bbox 991 5614 1183 5669; x_wconf 87' lang='lat' dir='ltr'><strong>diaboli</strong></span> <span class='ocrx_word' id='word_1_797' title='bbox 1201 5616 1436 5683; x_wconf 88' lang='lat' dir='ltr'><strong>patronis</strong></span> <span class='ocrx_word' id='word_1_798' title='bbox 1458 5616 1511 5669; x_wconf 91' lang='lat' dir='ltr'><strong>in</strong></span> <span class='ocrx_word' id='word_1_799' title='bbox 1534 5616 1767 5671; x_wconf 88' lang='lat' dir='ltr'><strong>medium</strong></span> <span class='ocrx_word' id='word_1_800' title='bbox 1791 5618 1917 5672; x_wconf 75' lang='lat' dir='ltr'><strong>atie-</strong></span> 
     </span>
    </p>
   </div>
   <div class='ocr_carea' id='block_1_105' title="bbox 341 5703 1916 5777">
    <p class='ocr_par' dir='ltr' id='par_1_105' title="bbox 341 5703 1916 5777">
     <span class='ocr_line' id='line_1_105' title="bbox 341 5703 1916 5777; baseline -0.001 -15"><span class='ocrx_word' id='word_1_801' title='bbox 341 5707 463 5762; x_wconf 85' lang='lat' dir='ltr'><strong>ras?</strong></span> <span class='ocrx_word' id='word_1_802' title='bbox 481 5706 618 5773; x_wconf 85' lang='lat' dir='ltr'><strong>Quid</strong></span> <span class='ocrx_word' id='word_1_803' title='bbox 635 5704 889 5761; x_wconf 85' lang='lat' dir='ltr'><strong>memoria</strong></span> <span class='ocrx_word' id='word_1_804' title='bbox 905 5703 1119 5775; x_wconf 84' lang='lat' dir='ltr'><strong>dignum</strong></span> <span class='ocrx_word' id='word_1_805' title='bbox 1136 5706 1332 5761; x_wconf 88' lang='lat' dir='ltr'><strong>mundo</strong></span> <span class='ocrx_word' id='word_1_806' title='bbox 1350 5707 1916 5777; x_wconf 82' lang='lat' dir='ltr'><strong>reliquerint,exponc.</strong></span> 
     </span>
    </p>
   </div>
   <div class='ocr_carea' id='block_1_106' title="bbox 2012 4608 3588 4677">
    <p class='ocr_par' dir='ltr' id='par_1_106' title="bbox 2012 4608 3588 4677">
     <span class='ocr_line' id='line_1_106' title="bbox 2012 4608 3588 4677; baseline 0.001 -15"><span class='ocrx_word' id='word_1_807' title='bbox 2012 4611 2186 4663; x_wconf 90' lang='lat' dir='ltr'><strong>solum</strong></span> <span class='ocrx_word' id='word_1_808' title='bbox 2239 4612 2325 4677; x_wconf 93' lang='lat' dir='ltr'><strong>qui</strong></span> <span class='ocrx_word' id='word_1_809' title='bbox 2360 4608 2611 4661; x_wconf 88' lang='lat' dir='ltr'><strong>mundum</strong></span> <span class='ocrx_word' id='word_1_810' title='bbox 2639 4608 2834 4672; x_wconf 83' lang='lat' dir='ltr'><strong>eﬁ&#39;ecit,</strong></span> <span class='ocrx_word' id='word_1_811' title='bbox 2898 4624 2959 4661; x_wconf 90' lang='lat' dir='ltr'><strong>ac</strong></span> <span class='ocrx_word' id='word_1_812' title='bbox 3002 4609 3212 4663; x_wconf 91' lang='lat' dir='ltr'><strong>virtutis</strong></span> <span class='ocrx_word' id='word_1_813' title='bbox 3267 4624 3376 4663; x_wconf 71' lang='lat' dir='ltr'><strong>sua:</strong></span> <span class='ocrx_word' id='word_1_814' title='bbox 3421 4612 3588 4664; x_wconf 87' lang='lat' dir='ltr'><strong>verbo</strong></span> 
     </span>
    </p>
   </div>
   <div class='ocr_carea' id='block_1_107' title="bbox 2014 4701 3586 4769">
    <p class='ocr_par' dir='ltr' id='par_1_107' title="bbox 2014 4701 3586 4769">
     <span class='ocr_line' id='line_1_107' title="bbox 2014 4701 3586 4769; baseline 0 -14"><span class='ocrx_word' id='word_1_815' title='bbox 2014 4703 2189 4756; x_wconf 89' lang='lat' dir='ltr'><strong>omnia</strong></span> <span class='ocrx_word' id='word_1_816' title='bbox 2212 4710 2381 4767; x_wconf 86' lang='lat' dir='ltr'><strong>portat</strong></span> <span class='ocrx_word' id='word_1_817' title='bbox 2414 4701 2596 4769; x_wconf 80' lang='lat' dir='ltr'><strong>(Hebr.</strong></span> <span class='ocrx_word' id='word_1_818' title='bbox 2634 4705 2697 4768; x_wconf 86' lang='lat' dir='ltr'><strong>I),</strong></span> <span class='ocrx_word' id='word_1_819' title='bbox 2729 4702 2864 4754; x_wconf 90' lang='lat' dir='ltr'><strong>alius</strong></span> <span class='ocrx_word' id='word_1_820' title='bbox 2895 4704 3025 4755; x_wconf 89' lang='lat' dir='ltr'><strong>deus</strong></span> <span class='ocrx_word' id='word_1_821' title='bbox 3053 4712 3143 4754; x_wconf 90' lang='lat' dir='ltr'><strong>aut</strong></span> <span class='ocrx_word' id='word_1_822' title='bbox 3178 4702 3227 4755; x_wconf 89' lang='lat' dir='ltr'><strong>in</strong></span> <span class='ocrx_word' id='word_1_823' title='bbox 3260 4702 3395 4756; x_wconf 71' lang='lat' dir='ltr'><strong>cmlo</strong></span> <span class='ocrx_word' id='word_1_824' title='bbox 3419 4713 3506 4755; x_wconf 88' lang='lat' dir='ltr'><strong>aut</strong></span> <span class='ocrx_word' id='word_1_825' title='bbox 3535 4702 3586 4755; x_wconf 90' lang='lat' dir='ltr'><strong>in</strong></span> 
     </span>
    </p>
   </div>
   <div class='ocr_carea' id='block_1_108' title="bbox 2018 4792 3587 4862">
    <p class='ocr_par' dir='ltr' id='par_1_108' title="bbox 2018 4792 3587 4862">
     <span class='ocr_line' id='line_1_108' title="bbox 2018 4792 3587 4862; baseline 0 -14"><span class='ocrx_word' id='word_1_826' title='bbox 2018 4805 2159 4848; x_wconf 88' lang='lat' dir='ltr'><strong>terra</strong></span> <span class='ocrx_word' id='word_1_827' title='bbox 2214 4804 2318 4847; x_wconf 69' lang='grc' dir='ltr'><strong>ρει.</strong></span> <span class='ocrx_word' id='word_1_828' title='bbox 2378 4792 2552 4847; x_wconf 83' lang='lat' dir='ltr'><strong>Verbo</strong></span> <span class='ocrx_word' id='word_1_829' title='bbox 2612 4794 2751 4847; x_wconf 89' lang='lat' dir='ltr'><strong>enim</strong></span> <span class='ocrx_word' id='word_1_830' title='bbox 2804 4795 3036 4858; x_wconf 91' lang='lat' dir='ltr'><strong>Domini,</strong></span> <span class='ocrx_word' id='word_1_831' title='bbox 3081 4796 3251 4862; x_wconf 89' lang='lat' dir='ltr'><strong>inquit</strong></span> <span class='ocrx_word' id='word_1_832' title='bbox 3296 4795 3406 4859; x_wconf 89' lang='lat' dir='ltr'><strong>ille,</strong></span> <span class='ocrx_word' id='word_1_833' title='bbox 3466 4796 3587 4850; x_wconf 72' lang='lat' dir='ltr'><strong>cmli</strong></span> 
     </span>
    </p>
   </div>
   <div class='ocr_carea' id='block_1_109' title="bbox 2022 4883 3588 4951">
    <p class='ocr_par' dir='ltr' id='par_1_109' title="bbox 2022 4883 3588 4951">
     <span class='ocr_line' id='line_1_109' title="bbox 2022 4883 3588 4951; baseline 0.001 -14"><span class='ocrx_word' id='word_1_834' title='bbox 2022 4885 2212 4938; x_wconf 88' lang='lat' dir='ltr'><strong>ﬁrmati</strong></span> <span class='ocrx_word' id='word_1_835' title='bbox 2242 4893 2385 4949; x_wconf 86' lang='lat' dir='ltr'><strong>sunt,</strong></span> <span class='ocrx_word' id='word_1_836' title='bbox 2444 4892 2500 4937; x_wconf 88' lang='lat' dir='ltr'><strong>et</strong></span> <span class='ocrx_word' id='word_1_837' title='bbox 2524 4883 2714 4951; x_wconf 91' lang='lat' dir='ltr'><strong>spiritu</strong></span> <span class='ocrx_word' id='word_1_838' title='bbox 2764 4884 2876 4937; x_wconf 88' lang='lat' dir='ltr'><strong>oris</strong></span> <span class='ocrx_word' id='word_1_839' title='bbox 2902 4885 3016 4951; x_wconf 88' lang='lat' dir='ltr'><strong>ejus</strong></span> <span class='ocrx_word' id='word_1_840' title='bbox 3049 4885 3222 4938; x_wconf 91' lang='lat' dir='ltr'><strong>omnis</strong></span> <span class='ocrx_word' id='word_1_841' title='bbox 3280 4885 3447 4937; x_wconf 90' lang='lat' dir='ltr'><strong>virtus</strong></span> <span class='ocrx_word' id='word_1_842' title='bbox 3501 4899 3588 4939; x_wconf 75' lang='lat' dir='ltr'><strong>eo~</strong></span> 
     </span>
    </p>
   </div>
   <div class='ocr_carea' id='block_1_110' title="bbox 2020 4975 3588 5045">
    <p class='ocr_par' dir='ltr' id='par_1_110' title="bbox 2020 4975 3588 5045">
     <span class='ocr_line' id='line_1_110' title="bbox 2020 4975 3588 5045; baseline 0.001 -14"><span class='ocrx_word' id='word_1_843' title='bbox 2020 4993 2136 5031; x_wconf 90' lang='lat' dir='ltr'><strong>rum</strong></span> <span class='ocrx_word' id='word_1_844' title='bbox 2189 4975 2581 5045; x_wconf 80' lang='lat' dir='ltr'><strong>(Psal.xxxn);</strong></span> <span class='ocrx_word' id='word_1_845' title='bbox 2629 4984 2787 5043; x_wconf 89' lang='lat' dir='ltr'><strong>atque</strong></span> <span class='ocrx_word' id='word_1_846' title='bbox 2841 4977 3016 5029; x_wconf 88' lang='lat' dir='ltr'><strong>omnia</strong></span> <span class='ocrx_word' id='word_1_847' title='bbox 3064 4991 3158 5045; x_wconf 93' lang='lat' dir='ltr'><strong>per</strong></span> <span class='ocrx_word' id='word_1_848' title='bbox 3219 4977 3391 5043; x_wconf 92' lang='lat' dir='ltr'><strong>ipsum</strong></span> <span class='ocrx_word' id='word_1_849' title='bbox 3456 4977 3588 5032; x_wconf 76' lang='lat' dir='ltr'><strong>facta</strong></span> 
     </span>
    </p>
   </div>
   <div class='ocr_carea' id='block_1_111' title="bbox 2021 5066 3591 5136">
    <p class='ocr_par' dir='ltr' id='par_1_111' title="bbox 2021 5066 3591 5136">
     <span class='ocr_line' id='line_1_111' title="bbox 2021 5066 3591 5136; baseline -0.001 -13"><span class='ocrx_word' id='word_1_850' title='bbox 2021 5079 2163 5133; x_wconf 89' lang='lat' dir='ltr'><strong>sunt,</strong></span> <span class='ocrx_word' id='word_1_851' title='bbox 2210 5079 2263 5122; x_wconf 88' lang='lat' dir='ltr'><strong>et</strong></span> <span class='ocrx_word' id='word_1_852' title='bbox 2305 5067 2417 5121; x_wconf 92' lang='lat' dir='ltr'><strong>sine</strong></span> <span class='ocrx_word' id='word_1_853' title='bbox 2450 5068 2565 5135; x_wconf 90' lang='lat' dir='ltr'><strong>ipso</strong></span> <span class='ocrx_word' id='word_1_854' title='bbox 2617 5066 2810 5120; x_wconf 77' lang='lat' dir='ltr'><strong>factum</strong></span> <span class='ocrx_word' id='word_1_855' title='bbox 2835 5075 2914 5121; x_wconf 91' lang='lat' dir='ltr'><strong>est</strong></span> <span class='ocrx_word' id='word_1_856' title='bbox 2944 5066 3077 5120; x_wconf 92' lang='lat' dir='ltr'><strong>nihil</strong></span> <span class='ocrx_word' id='word_1_857' title='bbox 3117 5068 3256 5136; x_wconf 91' lang='lat' dir='ltr'><strong>quod</strong></span> <span class='ocrx_word' id='word_1_858' title='bbox 3289 5066 3482 5121; x_wconf 85' lang='lat' dir='ltr'><strong>factum</strong></span> <span class='ocrx_word' id='word_1_859' title='bbox 3509 5077 3591 5121; x_wconf 91' lang='lat' dir='ltr'><strong>est</strong></span> 
     </span>
    </p>
   </div>
   <div class='ocr_carea' id='block_1_112' title="bbox 2024 5161 3161 5232">
    <p class='ocr_par' dir='ltr' id='par_1_112' title="bbox 2024 5161 3161 5232">
     <span class='ocr_line' id='line_1_112' title="bbox 2024 5161 3161 5232; baseline 0.003 -19"><span class='ocrx_word' id='word_1_860' title='bbox 2024 5161 2199 5232; x_wconf 83' lang='lat' dir='ltr'><strong>(Joan.</strong></span> <span class='ocrx_word' id='word_1_861' title='bbox 2236 5161 2297 5224; x_wconf 80' lang='grc' dir='ltr'><strong>ι).</strong></span> <span class='ocrx_word' id='word_1_862' title='bbox 3155 5212 3161 5216; x_wconf 89' lang='grc'>.</span> 
     </span>
    </p>
   </div>
   <div class='ocr_carea' id='block_1_113' title="bbox 2095 5249 3588 5319">
    <p class='ocr_par' dir='ltr' id='par_1_113' title="bbox 2095 5249 3588 5319">
     <span class='ocr_line' id='line_1_113' title="bbox 2095 5249 3588 5319; baseline -0.001 -13"><span class='ocrx_word' id='word_1_863' title='bbox 2095 5252 2341 5307; x_wconf 84' lang='lat' dir='ltr'><strong>Tlteudas</strong></span> <span class='ocrx_word' id='word_1_864' title='bbox 2371 5262 2545 5304; x_wconf 83' lang='lat' dir='ltr'><strong>autent</strong></span> <span class='ocrx_word' id='word_1_865' title='bbox 2575 5265 2695 5304; x_wconf 90' lang='lat' dir='ltr'><strong>cum</strong></span> <span class='ocrx_word' id='word_1_866' title='bbox 2736 5249 2850 5303; x_wconf 70' lang='lat' dir='ltr'><strong>haec</strong></span> <span class='ocrx_word' id='word_1_867' title='bbox 2879 5249 3037 5305; x_wconf 91' lang='lat' dir='ltr'><strong>verba</strong></span> <span class='ocrx_word' id='word_1_868' title='bbox 3069 5250 3380 5316; x_wconf 87' lang='lat' dir='ltr'><strong>audivisset,</strong></span> <span class='ocrx_word' id='word_1_869' title='bbox 3430 5259 3588 5319; x_wconf 87' lang='lat' dir='ltr'><strong>atque</strong></span> 
     </span>
    </p>
   </div>
   <div class='ocr_carea' id='block_1_114' title="bbox 2025 5338 3587 5413">
    <p class='ocr_par' dir='ltr' id='par_1_114' title="bbox 2025 5338 3587 5413">
     <span class='ocr_line' id='line_1_114' title="bbox 2025 5338 3587 5413; baseline -0.002 -16"><span class='ocrx_word' id='word_1_870' title='bbox 2025 5342 2330 5413; x_wconf 87' lang='lat' dir='ltr'><strong>hujusmodi</strong></span> <span class='ocrx_word' id='word_1_871' title='bbox 2361 5356 2662 5394; x_wconf 87' lang='lat' dir='ltr'><strong>sermonem</strong></span> <span class='ocrx_word' id='word_1_872' title='bbox 2692 5340 2945 5395; x_wconf 86' lang='lat' dir='ltr'><strong>divinitus</strong></span> <span class='ocrx_word' id='word_1_873' title='bbox 2977 5338 3145 5394; x_wconf 81' lang='lat' dir='ltr'><strong>infusa</strong></span> <span class='ocrx_word' id='word_1_874' title='bbox 3191 5340 3451 5409; x_wconf 87' lang='lat' dir='ltr'><strong>sapientia</strong></span> <span class='ocrx_word' id='word_1_875' title='bbox 3482 5341 3587 5408; x_wconf 90' lang='lat' dir='ltr'><strong>ple-</strong></span> 
     </span>
    </p>
   </div>
   <div class='ocr_carea' id='block_1_115' title="bbox 2026 5432 3582 5501">
    <p class='ocr_par' dir='ltr' id='par_1_115' title="bbox 2026 5432 3582 5501">
     <span class='ocr_line' id='line_1_115' title="bbox 2026 5432 3582 5501; baseline -0.002 -14"><span class='ocrx_word' id='word_1_876' title='bbox 2026 5452 2148 5489; x_wconf 87' lang='lat' dir='ltr'><strong>num</strong></span> <span class='ocrx_word' id='word_1_877' title='bbox 2179 5450 2297 5489; x_wconf 88' lang='lat' dir='ltr'><strong>esse</strong></span> <span class='ocrx_word' id='word_1_878' title='bbox 2318 5440 2579 5497; x_wconf 87' lang='lat' dir='ltr'><strong>cerneret,</strong></span> <span class='ocrx_word' id='word_1_879' title='bbox 2613 5442 2860 5500; x_wconf 88' lang='lat' dir='ltr'><strong>tauquam</strong></span> <span class='ocrx_word' id='word_1_880' title='bbox 2885 5434 3101 5487; x_wconf 89' lang='lat' dir='ltr'><strong>touitrui</strong></span> <span class='ocrx_word' id='word_1_881' title='bbox 3126 5450 3260 5487; x_wconf 88' lang='lat' dir='ltr'><strong>sono</strong></span> <span class='ocrx_word' id='word_1_882' title='bbox 3285 5432 3582 5501; x_wconf 89' lang='lat' dir='ltr'><strong>perculsus,</strong></span> 
     </span>
    </p>
   </div>
   <div class='ocr_carea' id='block_1_116' title="bbox 2025 5523 3590 5601">
    <p class='ocr_par' dir='ltr' id='par_1_116' title="bbox 2025 5523 3590 5601">
     <span class='ocr_line' id='line_1_116' title="bbox 2025 5523 3590 5601; baseline -0.004 -21"><span class='ocrx_word' id='word_1_883' title='bbox 2025 5527 2237 5581; x_wconf 90' lang='lat' dir='ltr'><strong>silentio</strong></span> <span class='ocrx_word' id='word_1_884' title='bbox 2268 5525 2566 5579; x_wconf 89' lang='lat' dir='ltr'><strong>tenebatur.</strong></span> <span class='ocrx_word' id='word_1_885' title='bbox 2600 5525 2839 5601; x_wconf 83' lang='lat' dir='ltr'><strong>Tandem</strong></span> <span class='ocrx_word' id='word_1_886' title='bbox 2872 5534 3047 5579; x_wconf 85' lang='lat' dir='ltr'><strong>autem</strong></span> <span class='ocrx_word' id='word_1_887' title='bbox 3097 5524 3381 5593; x_wconf 89' lang='lat' dir='ltr'><strong>aliquando</strong></span> <span class='ocrx_word' id='word_1_888' title='bbox 3424 5523 3590 5576; x_wconf 88' lang='lat' dir='ltr'><strong>mise-</strong></span> 
     </span>
    </p>
   </div>
   <div class='ocr_carea' id='block_1_117' title="bbox 2029 5612 3594 5686">
    <p class='ocr_par' dir='ltr' id='par_1_117' title="bbox 2029 5612 3594 5686">
     <span class='ocr_line' id='line_1_117' title="bbox 2029 5612 3594 5686; baseline -0.005 -15"><span class='ocrx_word' id='word_1_889' title='bbox 2029 5620 2161 5671; x_wconf 84' lang='lat' dir='ltr'><strong>riam</strong></span> <span class='ocrx_word' id='word_1_890' title='bbox 2218 5632 2367 5671; x_wconf 86' lang='lat' dir='ltr'><strong>suam</strong></span> <span class='ocrx_word' id='word_1_891' title='bbox 2423 5629 2718 5686; x_wconf 88' lang='lat' dir='ltr'><strong>agnoscens</strong></span> <span class='ocrx_word' id='word_1_892' title='bbox 2765 5616 3179 5683; x_wconf 85' lang='lat' dir='ltr'><strong>(ubteuebratos</strong></span> <span class='ocrx_word' id='word_1_893' title='bbox 3227 5618 3366 5671; x_wconf 88' lang='lat' dir='ltr'><strong>enim</strong></span> <span class='ocrx_word' id='word_1_894' title='bbox 3417 5612 3594 5667; x_wconf 84' lang='lat' dir='ltr'><strong>cordis</strong></span> 
     </span>
    </p>
   </div>
   <div class='ocr_carea' id='block_1_118' title="bbox 2033 5701 3588 5781">
    <p class='ocr_par' dir='ltr' id='par_1_118' title="bbox 2033 5701 3588 5781">
     <span class='ocr_line' id='line_1_118' title="bbox 2033 5701 3588 5781; baseline -0.005 -19"><span class='ocrx_word' id='word_1_895' title='bbox 2033 5710 2199 5781; x_wconf 70' lang='lat' dir='ltr'><strong>ipsius</strong></span> <span class='ocrx_word' id='word_1_896' title='bbox 2229 5709 2409 5764; x_wconf 81' lang='lat' dir='ltr'><strong>oculos</strong></span> <span class='ocrx_word' id='word_1_897' title='bbox 2437 5709 2680 5763; x_wconf 83' lang='lat' dir='ltr'><strong>salutaris</strong></span> <span class='ocrx_word' id='word_1_898' title='bbox 2711 5707 2946 5765; x_wconf 88' lang='lat' dir='ltr'><strong>doctrina</strong></span> <span class='ocrx_word' id='word_1_899' title='bbox 2980 5706 3245 5776; x_wconf 84' lang='lat' dir='ltr'><strong>tetigerat)</strong></span> <span class='ocrx_word' id='word_1_900' title='bbox 3280 5701 3473 5773; x_wconf 84' lang='lat' dir='ltr'><strong>ingenti</strong></span> <span class='ocrx_word' id='word_1_901' title='bbox 3497 5714 3588 5754; x_wconf 84' lang='lat' dir='ltr'><strong>an-</strong></span> 
     </span>
    </p>
   </div>
  </div>
