4010 6230
454 289 558 344 575

1472 302 1560 356 DE
1603 302 1775 360 VITIS
1813 304 2095 359 PATRUSI
2138 307 2341 362 LIBER
2380 308 2651 369 PRIMUS.

3610 328 3711 385 576

454 417 639 462 neaera;
663 407 786 464 vim
816 413 1146 479 ρωηὶιυάῑηθ
1174 418 1394 473 affectus
1425 429 1534 483 est;
1563 431 1722 488 atque
1769 419 2025 474 condem-
2058 422 2103 478 Α
2203 421 2453 477 Theudas
2497 426 2657 494 igitur
2692 426 2775 482 his
2818 430 2994 484 verbis
3044 431 3351 500 institutus,
3401 439 3583 494 statim
3641 459 3710 499 ex

452 506 575 553 nato
602 499 863 555 idolorum
888 518 1094 568 errore,
1126 508 1192 562 ad
1222 512 1435 578 pietatis
1468 513 1637 566 lucem
1670 516 1926 580 accurrit,
1963 526 2025 566 ac

451 586 705 657 deinceps
727 604 757 643 a
783 593 1041 649 scelerata
1071 608 1123 649 et
1153 600 1473 654 exsecranda
1493 600 1615 655 vitae
1634 604 1841 658 ratione
1860 619 2027 673 usque

449 675 588 728 adeo
632 692 753 731 sese
783 683 1039 747 removit,
1078 692 1385 753 tantumque
1432 702 1554 743 cum
1588 692 1831 759 turpibus
1859 694 2023 747 animi

449 766 816 825 affectionibus
848 774 1173 843 magicisque
1193 775 1397 829 artibus
1421 777 1614 832 bellum
1637 782 1825 850 gessit,
1855 798 2023 851 quau-

449 867 559 912 tum
592 869 715 914 ante
743 863 940 918 amoris
971 865 1143 918 l'ozdus
1170 881 1289 919 cum
1323 868 1454 934 ipsis
1484 868 1721 924 ferierat.
1752 873 1883 925 Nam
1911 885 2020 928 tum

445 946 501 1001 in
519 948 693 1003 medio
714 952 941 1005 concilio
959 962 1127 1019 stans,
1158 957 1478 1023 praesidente
1501 975 1646 1028 rege,
1672 977 1860 1028 magna
1891 979 2022 1019 voce

446 1038 765 1093 exclamavit
796 1058 809 1093 :
841 1040 997 1113 Vere,
1023 1058 1057 1095 ο
1079 1059 1193 1110 rex,
1222 1046 1443 1113 Spiritus
1472 1048 1562 1101 Dei
1586 1049 1639 1101 in
1669 1049 1777 1103 filio
1808 1060 1899 1105 tuo
1926 1052 2022 1105 ha-

445 1126 598 1194 bitat,
628 1143 751 1184 vere
773 1112 924 1185 fracti
949 1147 1010 1186 ac
1032 1112 1265 1202 superati
1293 1151 1499 1203 sumus,
1526 1152 1625 1193 nec
1646 1139 2017 1197 defensionem

444 1215 606 1271 ullam
637 1217 931 1287 habemus,
984 1237 1083 1277 nec
1107 1224 1174 1277 ad
1204 1239 1264 1278 ea
1294 1240 1415 1293 quae
1444 1229 1511 1282 ab
1537 1228 1655 1294 ipso
1684 1244 2019 1287 commemo-

443 1313 559 1361 rata
586 1317 731 1375 sunt,
764 1310 844 1365 vel
870 1312 1055 1367 oculos
1087 1316 1235 1382 ipsos
1261 1318 1542 1373 obvertere
1574 1335 1875 1388 possumus.
1909 1324 2016 1377 Ma-

438 1410 575 1464 gnus
626 1398 784 1467 igitur
822 1416 1006 1455 revera
1035 1403 1460 1462 Christianorum
1509 1408 1649 1466 Deus
1678 1420 1780 1475 est,
1826 1427 2014 1481 magna

442 1489 603 1554 ipsius
634 1490 784 1555 fides,
820 1507 1006 1561 magna
1029 1496 1302 1564 mysteria.

510 1597 812 1655 Conversus
840 1604 1013 1669 itaque
1039 1605 1105 1659 ad
1136 1608 1276 1675 regis
1305 1608 1495 1677 filium,
1520 1613 1593 1666 ait
1617 1631 1631 1667 :
1659 1614 1775 1681 Dic,
1802 1631 2009 1685 qumso,

440 1702 473 1736 o
499 1689 645 1741 claro
674 1704 737 1743 ac
767 1691 956 1746 illustri
985 1697 1163 1749 animo
1194 1700 1445 1765 praedite,
1500 1701 1706 1757 Deusne
1739 1720 1824 1759 me
1851 1721 2011 1760 exce-

2128 512 2249 565 auia
2280 516 2526 580 excedit,
2550 527 2711 585 atque
2737 519 2804 573 ad
2848 522 3162 577 sceleratam
3204 525 3518 592 speluncam
3548 544 3703 586 suam

2132 606 2421 671 profectus,
2457 609 2697 677 magicos
2726 610 2892 664 libros
2920 628 3045 666 suos
3074 624 3323 684 tanquam
3346 619 3573 674 sceleris
3595 637 3709 676 om-

2132 711 2212 746 nis
2236 696 2498 763 primitias
2516 738 2531 763 ,
2561 714 2625 753 ac
2647 701 3034 757 diabolicnrum
3057 720 3375 761 arcanorum
3402 709 3706 779 thesauros,

2127 788 2348 842 exussit.
2417 789 2532 856 Ipse
2576 802 2753 846 autem
2797 794 2862 847 ad
2909 799 3243 852 sacrosancti
3292 800 3438 854 illius
3468 802 3605 866 viri,
3637 807 3707 858 ad

2125 890 2282 941 quem
2313 878 2472 931 etiam
2496 879 2707 934 Nachor
2731 892 3059 950 perrexerat,
3082 896 3294 942 antrum
3319 905 3441 945 sese
3466 892 3702 960 confert,

2126 978 2415 1032 rerumque
2444 982 2660 1023 suarum
2692 972 2932 1026 omnium
2961 984 3157 1029 statum
3186 978 3286 1045 ipsi
3335 981 3577 1047 exponit,
3605 997 3701 1036 ca-

2127 1050 2217 1117 piti
2247 1068 2345 1104 suo
2373 1066 2567 1109 terram
2594 1073 2908 1125 aspergeus.
2929 1077 3223 1135 gravesque
3251 1070 3484 1135 gemitus
3508 1071 3699 1138 edens,

2122 1158 2186 1197 ac
2218 1146 2451 1213 seipsum
2487 1150 2738 1219 lacrymis
2769 1153 3113 1220 perfundens,
3141 1158 3453 1229 nefariaque
3483 1176 3577 1217 sua
3603 1164 3704 1217 ﬂa-

2120 1237 2248 1304 gitia
2279 1238 2393 1291 seni
2423 1240 2612 1295 ordine
2660 1257 3111 1301 commemorans.
3164 1249 3257 1304 Ille
3286 1260 3489 1318 autem,
3522 1263 3578 1308 ut
3606 1258 3700 1322 qui

2121 1326 2308 1378 salu'is
2334 1327 2530 1383 anima:
2558 1331 2846 1387 afferenda:
2867 1376 2881 1399 ,
2912 1343 3072 1402 atque
3094 1352 3157 1391 ex
3182 1341 3483 1409 versipellis
3504 1343 3699 1400 draco-

2121 1417 2203 1467 nis
2228 1414 2473 1472 faucibus
2494 1421 2790 1485 eripienda:
2815 1425 3169 1491 peritissimus
3184 1440 3349 1494 esset,
3371 1433 3698 1492 salutaribus

2118 1507 2297 1558 verbis
2311 1522 2431 1561 eum
2451 1509 2737 1577 demulcet,
2763 1514 2924 1584 322
2946 1531 3011 1569 ac
3030 1517 3175 1571 velut
3195 1531 3466 1590 excantat,
3486 1526 3694 1581 veniam
3775 1592 3779 1596 _

2116 1598 2363 1664 spondet,
2393 1614 2455 1654 ac
2501 1601 2784 1669 propitium
2814 1616 2871 1659 et
2908 1604 3119 1661 facilem
3148 1609 3249 1677 ipsi
3276 1611 3515 1676 judicem
3566 1616 3683 1673 fore

2119 1686 2419 1750 pollicetur.
2454 1692 2529 1745 Ac
2561 1702 2742 1759 postea
2788 1710 2910 1749 cum
2942 1712 3064 1751 eum
3092 1698 3410 1757 Christiana:
3440 1705 3564 1761 fidei
3596 1725 3691 1762 ru-

439 1786 623 1842 plurus
650 1787 749 1841 est,
782 1779 826 1832 si
857 1780 924 1833 ab
948 1782 1203 1850 improbis
1233 1788 1532 1842 actionibus
1581 1792 1875 1846 abscedens
1895 1834 1908 1857 ,
1943 1795 2007 1848 ad
2043 1780 2088 1838 Β
2114 1777 2364 1867 dimeutis
2410 1780 2720 1846 imbuisset,
2752 1788 3146 1856 multorumque
3175 1790 3383 1848 dierum
3420 1795 3685 1867 jejunium

438 1878 558 1916 eum
589 1879 675 1918 me
702 1871 1058 1923 convertero?
1086 1870 1255 1937 Sane,
1307 1876 1477 1943 inquit
1508 1880 1747 1933 veritatis
1795 1897 2006 1948 praeco,

436 1967 586 2019 sane,
609 1955 841 2024 inquam,
866 1966 915 2011 te
929 1960 1178 2029 excipiet,
1195 1978 1483 2034 omnesque
1498 1966 1623 2020 item
1640 1971 1727 2037 qui
1751 1969 1821 2024 ad
1836 1972 2007 2037 ipsum

434 2058 554 2099 sese
582 2050 963 2103 converterint.
993 2051 1103 2105 Nec
1134 2068 1260 2106 vero
1301 2056 1502 2123 vulgari
1542 2058 1700 2112 modo
1731 2062 1961 2128 excipiet
1990 2081 2003 2126 ς

436 2148 615 2188 verum
647 2146 704 2189 ut
744 2135 853 2191 filio
885 2155 916 2193 e
958 2140 1242 2212 longinqua
1274 2147 1493 2214 regione
1538 2149 1783 2204 redeunti
1834 2151 2008 2218 (Luca:

434 2224 548 2293 xv),
596 2223 695 2279 hoc
724 2236 827 2291 est,
872 2242 902 2281 a
933 2231 1191 2286 scelerata
1222 2235 1346 2287 vitae
1377 2236 1588 2291 ratione
1627 2240 1695 2292 ad
1727 2241 2002 2297 meliorem

435 2310 636 2381 frugem
670 2330 792 2371 sese
820 2323 1180 2388 convertenti,
1228 2323 1437 2379 obviam
1473 2327 1725 2395 prodibit,
1772 2346 2005 2403 eumque

432 2407 785 2474 amplectetur
824 2418 880 2465 et
926 2416 1349 2483 exosculabitur;
1404 2436 1466 2475 ac
1516 2428 1718 2491 peccati
1764 2427 2004 2486 fteditate

433 2493 687 2561 detracta,
713 2501 890 2555 statim
919 2503 1016 2569 ipsi
1039 2507 1413 2565 vestimentum
1439 2513 1697 2571 salutaris
1729 2518 1999 2589 imponet,

431 2585 844 2660 charissimaque
871 2594 1054 2663 gloria:
1091 2599 1224 2654 stola
1253 2616 1373 2656 eum
1407 2604 1665 2678 induens,
1716 2614 1999 2682 mysticum

431 2682 675 2746 supernis
699 2682 979 2742 virtutibus
1010 2691 1221 2771 epulum
1249 2706 1490 2765 peraget,
1520 2700 1588 2753 ob
1616 2714 1884 2771 receptam
1914 2710 1997 2762 vi-

432 2766 625 2824 delicet
645 2786 798 2827 ovem
823 2769 1086 2842 perditam
1110 2782 1300 2837 festum
1318 2786 1459 2842 diem
1479 2766 1758 2848 celebrans
1784 2796 1944 2862 (Ibid.
1953 2801 1996 2869 ).

430 2855 665 2927 lpsemet
689 2879 831 2919 enim
865 2868 1120 2924 Dominus
1149 2873 1333 2941 ingens
1351 2877 1401 2931 in
1427 2881 1564 2934 caelo
1592 2886 1844 2952 gaudium
1877 2904 1999 2944 esse

431 2948 563 3004 dixit
590 2963 750 3021 snper
801 2973 905 3013 uno
936 2972 1215 3028 peccatore
1261 2948 1627 3034 paenitentiam
1678 2986 1889 3045 agente.
1922 2987 1999 3036 Ae

426 3054 633 3098 rursum
662 3046 813 3101 :Non
846 3052 965 3105 veni
998 3068 1188 3111 vocare
1229 3058 1422 3124 justos,
1455 3062 1548 3115 sed
1590 3076 1904 3133 peccatores
1932 3074 1995 3126 ad

2116 1865 2219 1933 ipsi
2252 1868 2561 1934 indixisset,
2609 1889 2729 1926 eum
2777 1875 2960 1929 αἰγίτο
3004 1878 3267 1945 baptismo
3309 1865 3568 1943 lustravit.
3600 1891 3680 1944 Ac

2112 1957 2364 2026 deinceps
2391 1976 2485 2027 per
2512 1977 2725 2017 onmem
2758 1967 2879 2019 vita:
2910 1982 3128 2022 cursum
3155 1971 3240 2025 ille
3259 1974 3467 2030 sincero
3496 1979 3679 2033 animo

2111 2045 2178 2098 de
2202 2046 2450 2101 admissis
2491 2052 2786 2106 sceleribus
2832 2057 3199 2119 ptenitentiam
3231 2063 3364 2130 egit,
3396 2065 3680 2136 lacrymis-

2110 2150 2212 2203 que
2241 2152 2303 2191 ac
2330 2140 2619 2206 gemitibus
2646 2143 2812 2198 Deum
2844 2149 3057 2214 placare
3085 2152 3303 2209 studuit.

2188 2224 2314 2278 Car.
2335 2227 2574 2284 XXXIII.
2603 2231 2815 2298 —Qu:c
2836 2250 2961 2288 cum
2985 2236 3054 2290 ad
3074 2238 3220 2293 hunc
3237 2240 3461 2295 modum
3478 2243 3698 2298 evenis-

2118 2326 2263 2381 sent,
2288 2335 2381 2373 rex
2402 2322 2618 2376 consilii
2646 2323 2833 2394 inapia
2854 2327 3101 2398 undique
3124 2329 3443 2397 destitutus,
3466 2333 3518 2386 in
3541 2336 3697 2403 gravi

2108 2403 2263 2472 plane
2290 2421 2524 2465 moerere
2552 2414 2886 2481 versabatur,
2934 2419 3216 2489 animoque
3244 2437 3565 2492 magnopere
3600 2427 3686 2496 ja-

2106 2497 2373 2551 ctabatur.
2419 2500 2616 2557 Coacto
2644 2514 2820 2561 autem
2852 2524 3064 2564 rursum
3093 2523 3303 2580 senatu,
3334 2516 3587 2585 quidnam
3614 2522 3687 2575 de

2107 2584 2216 2639 filio
2246 2600 2344 2641 suo
2374 2586 2576 2647 faceret
2599 2595 2932 2665 dispiciebat.
2959 2600 3087 2656 Cum
3110 2612 3286 2658 autem
3310 2584 3461 2662 multi
3488 2610 3686 2664 multas

2104 2682 2394 2736 sentemias
2426 2684 2477 2737 in
2525 2688 2754 2742 medium
2792 2694 3164 2763 protulissent,
3190 2696 3431 2753 Araehes
3462 2700 3574 2765 ille,
3606 2702 3682 2756 de

2104 2785 2210 2837 quo
2239 2775 2481 2839 superius
2510 2780 2836 2835 mentionem
2863 2784 3104 2851 fecimus,
3133 2790 3222 2856 qui
3246 2799 3302 2844 et
3337 2791 3534 2846 ducum
3566 2811 3653 2848 om

2106 2860 2251 2916 nium
2281 2864 2615 2923 clarissimus
2644 2883 2777 2938 erat,
2819 2885 2873 2927 et
2901 2876 3194 2944 principem
3220 2881 3270 2933 in
3295 2893 3483 2935 senatu
3506 2885 3686 2943 locum

2104 2953 2412 3020 obtinebat,
2445 2957 2527 3012 his
2554 2961 2617 3013 ad
2654 2978 2831 3030 regem
2865 2967 3041 3021 verbis
3080 2985 3203 3024 usus
3228 2983 3309 3025 est
3338 2991 3350 3024 :
3375 2973 3638 3039 Quidnam
3660 3017 3684 3044 ,

2103 3056 2136 3093 ο
2164 3058 2280 3108 rex,
2317 3046 2423 3099 tilio
2452 3058 2544 3101 tuo
2580 3049 2757 3107 facere
2796 3060 3032 3123 oportuit
3062 3062 3203 3127 quod
3235 3077 3339 3116 non
3370 3063 3683 3131 fecerimus,

428 3135 788 3198 penitentiam
841 3141 1033 3213 (Luae
1063 3147 1153 3217 ν).
1208 3149 1273 3202 Et
1325 3167 1418 3217 per
1462 3158 1772 3223 prophetam
1807 3178 1819 3213 ε
1858 3162 1987 3219 Vivo
2027 3137 2074 3201 α
2106 3143 2158 3186 ut
2191 3134 2253 3187 ad
2283 3139 2554 3205 sequenda
2586 3154 2763 3197 nostra
2796 3145 3062 3214 dogmata.
3092 3151 3331 3219 deosque
3355 3166 3565 3211 nostros
3586 3173 3682 3212 c0-

424 3238 543 3291 cgo,
576 3224 704 3280 dicit
753 3230 1044 3300 Dominus;
1080 3238 1201 3290 nolo
1248 3249 1471 3296 mortem
1526 3251 1842 3314 peccatoris,
1897 3255 1994 3309 sed

425 3317 589 3383 magis
616 3328 673 3371 ut
700 3334 1040 3379 convertatur
1068 3343 1095 3379 a
1127 3332 1205 3382 via
1238 3345 1331 3384 sua
1359 3345 1411 3387 et
1438 3338 1598 3391 vivat.
1629 3341 1990 3397 Convertimi-

421 3404 474 3457 ni
515 3420 544 3459 a
575 3408 653 3461 via
703 3422 878 3467 vestra
908 3416 1083 3481 mala;
1136 3430 1190 3472 et
1237 3438 1400 3489 quare
1450 3428 1774 3491 moriemini,
1800 3433 1992 3489 domus

421 3493 624 3551 Israel?
656 3496 907 3570 iniquitas
939 3510 1103 3575 iniqui
1134 3526 1239 3564 non
1272 3517 1486 3569 nocebit
1508 3517 1557 3571 ei
1590 3518 1643 3571 iu
1670 3537 1986 3594 quacunque

417 3585 505 3639 die
544 3601 837 3645 conversus
879 3594 1037 3649 fuerit
1082 3598 1150 3652 ab
1200 3601 1481 3670 iniquitate
1531 3622 1644 3672 sua,
1689 3585 1751 3665 et
1805 3585 1990 3673 fecerit

415 3677 710 3744 juStitiam,
762 3691 819 3736 et
864 3685 914 3737 in
967 3690 1218 3743 mandato
1267 3693 1390 3747 vita:
1430 3696 1825 3769 ambulaverit,
1880 3708 1989 3761 vita

414 3769 574 3836 vivet,
607 3782 662 3825 et
688 3789 791 3828 non
823 3778 1100 3837 morietur.
1134 3781 1323 3837 Omnia
1349 3798 1563 3853 peccata
1596 3808 1714 3860 quae
1746 3799 1988 3864 admisit,

416 3874 519 3912 non
550 3865 1009 3933 memorabuntur,
1042 3873 1164 3937 quia
1190 3873 1449 3940 judicium
1473 3884 1803 3948 etjustitiam
1837 3886 1983 3955 fecit,

414 3950 464 4002 in
497 3952 624 4017 ipsis
654 3956 796 4009 vivet
823 3957 1032 4028 (lfzech.
1061 3968 1280 4033 xxxiii).
1308 3969 1387 4022 Ac
1409 3985 1618 4025 rursnm
1643 3990 1736 4041 per
1757 3978 1983 4034 alterum

411 4043 727 4110 prophetam
779 4049 1082 4104 exclamat:
1110 4054 1407 4125 Lavamini,
1440 4066 1626 4119 mundi
1664 4077 1859 4137 estote,
1887 4088 1987 4127 au-

411 4130 547 4186 ferte
574 4135 768 4188 malum
794 4139 1173 4206 cogitationum
1207 4160 1506 4208 vestrarum
1534 4157 1601 4211 ab
1627 4160 1797 4215 oculis
1825 4166 1981 4234 meis,

409 4222 671 4287 quiescite
703 4242 863 4297 agere
887 4246 1156 4301 perverse,
1184 4239 1377 4297 discite
1405 4245 1743 4307 benefacere.
1772 4254 1828 4309 Si
1860 4222 1979 4312 fue:

408 4314 514 4367 rint
544 4327 758 4382 peccata
791 4332 964 4377 vestra
992 4326 1130 4381 sicut
1151 4332 1451 4400 coccinum,
1487 4347 1733 4409 tanquam
1769 4348 1854 4401 nix
1885 4349 1981 4403 de-

405 4403 756 4473 albabunlur;
800 4423 854 4466 et
900 4414 946 4467 si
987 4416 1181 4475 fuerint
1225 4425 1382 4479 rubra
1435 4430 1572 4485 velut
1618 4437 1977 4504 vermiculus,

2106 3224 2290 3280 Iendos
2315 3243 2435 3282 eum
2467 3230 2878 3291 induceremus?
2913 3239 3132 3307 Verum,
3176 3254 3233 3296 ut
3263 3245 3436 3313 video,
3480 3249 3684 3318 impos-

2101 3315 2272 3368 sibilia
2304 3320 2641 3388 aggredimur
2665 3342 2678 3378 :
2707 3327 2966 3395 siquidem
2990 3347 3019 3383 a
3045 3342 3230 3388 natura
3257 3336 3379 3404 ipsi,
3402 3349 3492 3391 aut
3517 3315 3685 3396 etiam

2102 3404 2326 3461 fortasse
2354 3423 2381 3460 a
2415 3410 2654 3478 fortuna,
2710 3418 3006 3483 pervicacia
3051 3429 3108 3476 et
3150 3425 3310 3478 animi
3343 3427 3565 3483 durities
3597 3433 3683 3483 in-

2101 3494 2199 3546 sita
2229 3505 2331 3549 est.
2380 3497 2561 3568 Itaque
2593 3503 2639 3557 si
2691 3506 2861 3573 ipsum
2917 3511 3194 3579 suppliciis
3239 3531 3304 3569 ac
3352 3520 3680 3577 cruciatibus

2097 3583 2311 3641 afficere
2353 3590 2405 3642 in
2462 3596 2698 3649 animum
2757 3599 3067 3669 induxeris,
3140 3614 3248 3661 tum
3308 3610 3419 3677 ipse
3474 3623 3679 3668 natura)

2099 3673 2303 3730 hostem
2358 3688 2409 3733 te
2480 3685 2783 3752 praahebis.
2852 3692 3121 3762 patris,~,ue
3170 3712 3362 3753 nomen
3423 3704 3676 3769 amittes,

2097 3775 2204 3820 tum
2264 3769 2430 3836 ipsius
2475 3774 2735 3843 jacturam
2794 3781 2954 3837 facies
2984 3825 2999 3850 ,
3078 3796 3135 3841 ut
3187 3793 3275 3858 qui
3322 3810 3416 3861 pro
3462 3795 3677 3853 Christo

2095 3866 2324 3911 mortem
2372 3875 2625 3929 appetere
2687 3879 2899 3936 paratus
2968 3873 3058 3927 sit.
3115 3878 3391 3948 lieliquum
3438 3894 3525 3938 est
3574 3887 3671 3955 igi-

2095 3956 2180 3999 tur
2228 3958 2286 4001 ut
2360 3951 2496 4005 hanc
2544 3957 2803 4013 rationem
2857 3962 3040 4029 ineas,
3088 3983 3279 4034 nempe
3336 3983 3389 4025 ut
3450 3990 3674 4044 regnum

2091 4055 2212 4092 cum
2244 4056 2308 4095 eo
2342 4046 2606 4111 partiaris,
2663 4050 2821 4119 eique
2854 4053 2904 4106 iu
2963 4071 3024 4109 ea
3078 4071 3225 4125 parte
3267 4079 3383 4132 qua:
3432 4069 3496 4119 ad
3544 4084 3671 4123 cum

2090 4133 2367 4187 a'tiuuerit
2434 4138 2563 4204 regii
2635 4145 2873 4198 muneris
2944 4147 3455 4210 administrationem
3523 4174 3671 4214 eom-

2094 4221 2293 4277 iuittas.
2334 4228 2408 4279 Ac
2436 4227 2479 4279 si
2521 4230 2736 4296 quidem
2768 4238 3099 4303 negotiorum
3135 4252 3339 4305 natura,
3383 4261 3671 4319 rerumque

2093 4312 2474 4368 numdanarum
2505 4332 2630 4372 cura
2658 4336 2777 4375 eum
2806 4326 2870 4377 ad
2907 4328 3207 4383 institutum
3240 4345 3477 4390 nostrum
3511 4342 3665 4393 vita:-

2090 4416 2191 4465 que
2222 4418 2388 4472 genus
2418 4412 2847 4473 amplectendum
2882 4429 3254 4485 pertraxerunt,
3288 4440 3375 4477 res
3405 4428 3559 4482 nobis
3588 4447 3654 4485 ex

405 4497 543 4550 sicut
575 4497 691 4552 lana
721 4502 839 4555 alba
869 4517 1027 4561 erum
1054 4508 1233 4579 (Isaiw
1260 4515 1321 4584 1).
1353 4516 1481 4572 Cum
1510 4522 1671 4591 igiwr
1699 4526 1781 4581 me
1826 4497 1978 4597 pom;
2010 4517 2062 4574 Ι)
2088 4497 2345 4548 seuientia
2395 4499 2662 4554 succedet.
2715 4503 2888 4559 Mores
2932 4510 3127 4563 eteuint
3181 4513 3231 4565 iu
3271 4515 3449 4569 animo
3501 4520 3664 4574 velte-

403 4586 682 4645 cilationes
704 4592 771 4646 iis
792 4595 880 4660 qui
902 4597 967 4651 ad
987 4602 1262 4659 meliorem
1286 4607 1490 4680 frugem
1511 4629 1632 4671 sese
1654 4624 1973 4689 receperint,

401 4691 430 4730 a
456 4677 563 4734 Deo
594 4685 881 4752 proposita:
901 4690 1037 4755 sint;
1066 4709 1133 4747 ne
1159 4702 1449 4767 cuncteris,
1472 4718 1506 4756 ο
1531 4704 1711 4774 homo,
1739 4727 1837 4766 nec
1864 4730 1979 4767 mo-

400 4784 513 4824 ram
543 4772 701 4828 ullam
729 4776 982 4835 adhibeas
1013 4799 1026 4847 ;
1056 4799 1239 4840 verum
1270 4790 1335 4843 ad
1366 4791 1635 4851 Christum
1683 4772 1970 4873 benignum

401 4859 565 4916 Deum
600 4877 841 4923 nostrum
878 4874 1105 4942 accede,
1134 4886 1187 4931 et
1229 4878 1558 4954 illuminare,
1604 4900 1658 4943 et
1687 4891 1850 4948 facies
1886 4906 1971 4952 tua

398 4968 500 5009 non
528 4958 886 5019 confundetur
913 4962 1086 5034 (Psal.
1118 4970 1313 5041 xxxii).
1344 4974 1474 5030 Nam
1527 4979 1685 5033 simul
1730 4994 1890 5054 atque
1919 4988 1971 5041 in

391 5046 559 5102 divini
594 5051 929 5119 baptismatis
979 5060 1235 5127 piscinam
1288 5066 1574 5125 immersus
1622 5046 1817 5138 fueris,
1862 5087 1972 5135 tota
2058 5112 2059 5115 η

392 5142 590 5193 veteris
624 5144 853 5205 hominis
884 5153 1199 5222 spurcities,
1230 5168 1386 5227 atque
1410 5164 1659 5219 universa
1707 5169 1968 5226 scelerum

390 5231 598 5284 sarcina
631 5232 683 5286 in
716 5251 850 5304 aqua
880 5245 1191 5313 sepelietur,
1233 5260 1391 5320 atque
1419 5254 1469 5307 in
1502 5238 1726 5311 nihilum
1760 5262 1967 5317 dilabe-

391 5328 512 5385 tur;
548 5332 708 5389 tuque
750 5344 919 5384 novus
948 5332 1092 5387 illinc
1134 5352 1198 5392 ac
1228 5355 1448 5408 recens,
1497 5356 1658 5413 atque
1701 5351 1769 5405 ab
1821 5357 1966 5411 omni

391 5410 512 5465 labe
562 5428 722 5481 purus
750 5424 1115 5491 conscendes,
1161 5430 1360 5486 nullam
1406 5410 1607 5503 peccati
1658 5441 1829 5496 labem
1874 5455 1966 5499 aut

387 5516 573 5573 rugam
606 5514 777 5561 tecum
807 5509 1010 5569 ferens.
1040 5516 1117 5570 Ac
1146 5518 1397 5591 deinceps
1425 5526 1476 5579 in
1510 5539 1560 5583 te
1591 5532 1750 5586 situm
1776 5534 1880 5589 erit
1912 5546 1969 5592 ιιι

388 5598 753 5664 purgationem
787 5616 879 5668 per
902 5604 1102 5662 viscera
1128 5610 1507 5677 misericordiae
1532 5621 1621 5678 Dei
1646 5629 1813 5681 nostri
1841 5630 1961 5687 hinc

385 5697 715 5747 contractam
744 5695 940 5751 tuearis
970 5706 1130 5769 atque
1160 5717 1463 5764 conserves.

2087 4594 2296 4636 menter
2342 4588 2673 4643 corroborati
2722 4609 2862 4664 a~gre
2892 4600 3122 4668 expungi
3169 4610 3327 4671 atque
3371 4606 3663 4665 oblitterari

2084 4688 2329 4740 possunt,
2354 4680 2747 4753 verbormnque
2772 4688 2944 4754 potius
2967 4690 3241 4746 blanditiis
3263 4712 3421 4763 quam
3444 4700 3494 4753 vi
3517 4716 3662 4755 com-

2083 4775 2376 4821 mutantur.
2432 4770 2523 4824 Sin
2575 4783 2749 4829 autem
2796 4778 2845 4831 in
2908 4780 3332 4840 Christianorum
3401 4790 3658 4861 religione

2083 4860 2396 4925 perstiterit,
2426 4862 2554 4918 illud
2588 4866 2756 4935 ipsmn
2809 4885 2977 4937 certe,
3009 4878 3146 4944 quod
3192 4878 3302 4933 fll;o
3332 4898 3435 4937 non
3466 4888 3541 4941 sis
3568 4902 3656 4940 0r-

2085 4946 2256 5011 batus,
2313 4966 2598 5009 titmrorem
2651 4968 2795 5013 tuum
2829 4962 3002 5031 aliqua
3048 4981 3112 5020 et
3167 4981 3317 5034 parte
3364 4974 3653 5043 mitigabit.

2084 5036 2230 5092 lianc
2257 5043 2550 5099 orationem
2570 5061 2689 5102 cum
2705 5051 2941 5108 Araclies
2960 5056 3252 5124 habuisset,
3277 5078 3464 5119 omnes
3491 5069 3659 5134 ipsius

2082 5132 2403 5214 sententiam
2459 5140 2895 5211 comprobarunt,
2953 5162 3017 5200 ac
3069 5149 3293 5214 proinde
3347 5168 3439 5207 rex
3482 5132 3542 5209 se
3588 5159 3656 5210 ita

2083 5206 2321 5278 acttirum
2348 5231 2599 5283 assensit.

2153 5314 2333 5384 Itaque
2356 5320 2612 5386 postridie
2632 5337 2751 5377 eum
2776 5324 3053 5391 illuxisset,
3083 5328 3247 5384 filium
3271 5334 3482 5399 accivit,
3502 5351 3659 5391 eum-

2078 5420 2181 5475 que
2210 5409 2276 5460 ita
2315 5419 2396 5463 est
2439 5412 2701 5470 allocutus
2730 5435 2743 5468 :
2776 5418 2869 5472 llie
2900 5420 3048 5482 mihi,
3083 5436 3116 5474 ο
3143 5437 3286 5486 nate,
3337 5439 3639 5492 posureums

2074 5500 2138 5550 ad
2174 5509 2224 5553 te
2255 5515 2433 5556 sermo
2460 5514 2560 5570 est,
2607 5506 2692 5561 cui
2720 5508 2822 5562 nisi
2848 5513 3237 5579 quamprimum
3273 5521 3538 5586 parueris,
3569 5532 3650 5573 at-

2074 5607 2175 5658 que
2206 5592 2257 5645 in
2293 5594 2390 5649 hac
2418 5598 2606 5652 saltem
2636 5616 2695 5655 re
2717 5605 2944 5670 pectoris
2967 5606 3073 5659 mei
3101 5607 3340 5664 dolorem
3368 5613 3648 5678 leniveris.

2074 5698 2177 5735 non
2210 5685 2370 5751 ultra,
2410 5691 2536 5744 mihi
2568 5695 2747 5757 crede,
2775 5697 3486 5775 indulgentertecumagatn.
3514 5707 3646 5762 I’er-

2076 5783 2315 5831 comante
2343 5786 2518 5836 autem
2569 5783 2657 5839 illo
2703 5787 2826 5851 quid
2873 5789 2973 5846 sibi
3024 5794 3125 5847 hoc
3170 5808 3416 5854 sermone
3446 5798 3629 5854 vellet:
