4010 6292
366 341 466 397 577

830 339 987 397 VITA
1025 340 1439 399 SANCTORUM
1478 339 1803 396 BARLAAM
1846 337 2177 394 EREMITIE
2216 340 2306 397 ET
2348 342 2690 400 JOSAPHAT
2733 349 2936 406 ΙΝῡΙᾹῖ
2968 353 3188 409 REGIS.

3504 356 3611 415 578

361 462 647 527 Quoniam,
703 457 872 527 inquit
922 458 1045 521 ille,
1105 457 1282 510 multis
1325 458 1584 527 susceptis
1652 455 1927 508 laboribus
1958 456 2007 512 Α
2032 461 2085 507 et
2112 452 2330 509 lenitate
2358 459 2760 513 venerationem
2785 474 2847 514 ac
2870 470 3124 517 terrorem
3147 464 3248 519 sibi
3268 479 3610 526 commovere

362 551 681 621 perfractum
725 561 779 605 et
833 561 1198 605 contumacem
1250 561 1301 606 te
1354 554 1419 605 ad
1474 566 1661 605 omnes
1718 550 1929 618 reperi,

358 655 413 699 ιιι
463 643 552 711 qui
587 642 748 696 nullis
795 658 1026 709 unquam
1074 642 1411 696 sermonibus
1458 643 1592 695 meis
1638 642 1933 706 parendum

358 735 450 788 tibi
484 733 722 798 duxeris,
762 747 878 800 age,
907 732 1076 785 diviso
1105 732 1325 798 imperio
1369 747 1487 785 meo
1518 732 1568 786 id
1619 731 1835 796 faciam,
1877 740 1935 784 ttt

356 837 409 880 tu
437 825 722 895 separatim
754 825 916 894 degas
937 864 950 887 ,
977 840 1038 878 ac
1071 840 1291 891 regnum
1317 839 1490 893 geras.
1526 824 1600 876 Ita
1647 824 1759 892 jam
1814 822 1930 886 tibi,

356 931 513 985 quam
544 918 713 985 cupis.
740 917 878 971 viam
913 915 1112 984 ingredi
1148 924 1262 968 tuto
1292 915 1491 970 licebit.
1525 915 1716 967 Divina
1749 924 1926 966 autem

356 1007 446 1061 illa
486 1008 683 1067 anima,
714 1018 1016 1074 quanquam
1050 1004 1243 1072 alioqui
1278 1020 1454 1073 regem
1502 1005 1601 1057 hoc
1632 1004 1730 1057 sibi
1782 1003 1930 1057 labe-

360 1094 591 1150 factandi
644 1092 727 1148 sui
774 1094 1000 1147 instituti
1044 1109 1200 1147 causa
1254 1109 1553 1162 proponere
1599 1103 1927 1160 compertum

355 1185 603 1249 haberet,
632 1185 1107 1252 obtemperandum
1156 1193 1331 1238 tamen
1364 1183 1534 1245 duxit,
1586 1181 1687 1235 hoc
1717 1181 1931 1234 scilicet

352 1280 551 1344 animo,
571 1286 707 1332 utex
725 1276 890 1345 ipsius
904 1274 1148 1329 manibus
1165 1274 1396 1342 elapsus,
1422 1275 1559 1326 viam
1580 1286 1734 1341 quam
1756 1285 1823 1326 ex
1835 1286 1923 1339 pe-

351 1371 493 1424 tebat
513 1368 900 1438 ingrederetur.
926 1365 1412 1433 Sermonetnigitur
1428 1363 1719 1431 excipiens,
1749 1363 1813 1414 ad
1845 1377 1928 1413 re-

350 1476 467 1530 gem
481 1460 593 1514 ait:
623 1458 880 1528 Equidem
918 1456 1029 1525 ipse
1062 1456 1297 1509 divinum
1323 1454 1467 1507 illum
1482 1454 1653 1506 virum
1682 1451 1773 1521 qui
1798 1451 1925 1504 mihi

348 1551 531 1605 salutis
552 1550 652 1604 iter
667 1547 1359 1613 commonstravitquzerere
1394 1542 1709 1613 gestiebam,
1736 1542 1925 1595 rebus-

348 1657 448 1710 que
465 1641 714 1695 omnibus
739 1640 915 1692 valere
926 1637 1090 1707 jussis
1107 1678 1121 1703 ,
1142 1651 1259 1691 cum
1280 1650 1347 1691 eo
1369 1634 1625 1705 quidquid
1648 1634 1777 1687 mihi
1802 1635 1924 1685 vita:

347 1730 604 1797 reliquum
619 1740 699 1785 est
714 1730 1005 1783 traducere.
1045 1726 1236 1781 Verum
1269 1728 1516 1795 quoniam
1559 1736 1741 1796 perte,
1767 1744 1799 1782 ο
1828 1728 1923 1782 Pa-

2037 546 2300 612 cupiebat.
2334 548 2462 615 Quae
2505 551 2665 604 etiam
2698 566 2784 606 res
2814 567 2999 607 omnes
3048 554 3113 607 ad
3143 570 3264 612 eum
3292 561 3461 629 magis
3488 576 3611 629 per-

2037 638 2299 705 trahcbat,
2328 640 2577 695 nimirum
2602 643 2768 710 quod,
2797 652 2854 696 ut
2877 644 2980 697 vita
3012 655 3066 699 et
3091 648 3390 704 actionibus
3433 652 3610 707 admi-

2035 727 2255 791 randus,
2282 729 2352 781 ita
2382 731 2544 783 etiam
2593 732 2771 786 animo
2806 733 2973 788 facilis
3017 749 3080 789 ac
3110 740 3389 793 modestus
3436 751 3603 796 esset.

2034 816 2115 870 Ex
2147 832 2254 882 quo
2282 818 2528 873 efTectum
2550 830 2630 875 est
2659 833 2714 875 ut
2746 826 2976 891 potentia
3009 841 3254 896 magnum
3277 843 3307 882 a
3334 830 3598 885 modestia

2033 915 2083 959 et
2111 909 2518 963 mansuetudine
2543 912 2834 967 subsidium
2871 925 3047 984 nacta,
3098 933 3284 974 omnes
3315 936 3381 975 eo
3423 921 3597 976 addu-

2032 1006 2199 1063 ceret,
2229 1008 2285 1052 ut
2313 1002 2478 1067 ipsius
2512 1004 2692 1058 verbis
2722 1018 2988 1073 parerent.

2101 1087 2374 1156 Siquidem
2416 1091 2465 1144 in
2511 1103 2613 1144 tam
2669 1095 2811 1148 brevi
2845 1098 2978 1150 adeo
3008 1100 3267 1166 temporis
3306 1102 3595 1169 curriculo,

2032 1176 2183 1244 plebs
2197 1180 2370 1232 omnis
2390 1181 2485 1248 ipsi
2510 1182 2768 1251 subjecta,
2792 1193 2894 1237 tam
2919 1188 3167 1254 Oppidani
3190 1202 3346 1257 quam
3366 1188 3598 1259 finitimi,

2030 1265 2225 1318 divinis
2256 1266 2420 1334 ipsius
2461 1272 2797 1323 sermonibus
2828 1274 2876 1324 in
2903 1272 3204 1328 Christiana
3235 1277 3489 1345 religione
3510 1278 3598 1333 in-

2032 1355 2408 1419 stituebantur,
2433 1372 2495 1412 ac
2540 1359 2729 1412 falsum
2783 1365 3065 1418 multorum
3120 1366 3340 1419 deorum
3397 1369 3599 1422 cultum

2032 1446 2334 1513 ejurabaut,
2360 1458 2412 1502 et
2469 1451 2536 1502 ab
2590 1450 2852 1505 idolorum
2901 1454 3173 1510 sacrificiis
3197 1466 3249 1510 et
3274 1460 3602 1516 exsecranda

2030 1553 2215 1592 eorum
2244 1540 2389 1593 cultu
2410 1556 2529 1595 sese
2557 1543 2966 1611 abrumpebant,
2991 1557 3149 1616 atque
3173 1550 3236 1602 ad
3263 1550 3419 1605 fidem
3446 1565 3600 1607 erro-

2027 1630 2101 1684 ris
2144 1641 2419 1700 expertem
2478 1649 2597 1689 sese
2646 1639 3312 1710 cnttferebant,ipsiusque
3361 1644 3598 1702 doctrina

2026 1721 2282 1787 innovati,
2313 1723 2377 1776 ad
2408 1721 2676 1779 Christum
2708 1727 3151 1795 adjungehantur.
3181 1732 3381 1786 Omnes
3422 1742 3601 1792 autem

348 1830 446 1887 ter,
467 1823 598 1875 mihi
620 1837 679 1876 ea
701 1834 819 1890 quae
836 1818 982 1873 cordi
1010 1826 1154 1880 sunt,
1198 1816 1370 1871 facere
1402 1817 1619 1871 minime
1650 1817 1794 1882 licet,
1826 1817 1925 1871 hac
1957 1804 2003 1863 Β
2028 1810 2337 1865 sacerdotes
2358 1823 2410 1865 ει
2439 1816 2683 1869 monachi
2705 1856 2719 1879 ,
2744 1833 2807 1869 ac
2838 1818 3080 1871 ηοηηυίίὶ
3104 1822 3359 1889 episcopi.
3391 1823 3481 1890 qui
3531 1825 3601 1879 οι)

348 1912 402 1966 in
436 1928 493 1967 re
524 1911 613 1965 tibi
650 1926 846 1965 morem
876 1924 1030 1979 gero,
1061 1908 1318 1977 siquidem
1349 1910 1399 1961 in
1432 1907 1514 1961 his
1542 1907 1701 1963 rebus
1728 1909 1779 1962 in
1806 1910 1925 1978 qui-

348 2002 446 2056 bus
499 2002 837 2070 perspicuum
903 1999 1120 2053 exitium
1177 2007 1337 2067 atque
1379 1998 1698 2052 abalienatio
1744 2014 1774 2050 a
1820 2000 1927 2051 Deo

353 2109 457 2146 non
521 2095 849 2161 proponitur,
894 2093 1033 2162 patri
1077 2090 1445 2158 obtemperare
1492 2092 1770 2159 pulchrum
1820 2102 1921 2147 est.

423 2184 533 2240 Rex
559 2186 735 2254 itaque
765 2198 968 2238 summa
999 2182 1181 2236 laetitia
1215 2182 1480 2251 perfusus,
1514 2184 1787 2251 regionem
1809 2198 1925 2236 om-

348 2288 473 2327 nem
516 2276 741 2338 imperio
761 2290 857 2327 suo
877 2288 938 2327 ac
966 2273 1154 2326 ditioni
1184 2272 1475 2339 subiectam
1508 2272 1559 2326 in
1587 2272 1720 2327 duas
1750 2284 1925 2341 partes

346 2363 554 2429 dividit,
588 2366 857 2432 filiumque
880 2378 1057 2432 regem
1083 2370 1251 2427 creat,
1276 2378 1337 2416 ac
1359 2362 1658 2418 diademate
1678 2374 1923 2421 exornat.

347 2452 610 2523 regiaque
642 2448 783 2505 omni
815 2454 980 2521 gloria
1033 2451 1345 2519 insignitum
1389 2452 1440 2504 in
1471 2466 1590 2505 eam
1623 2452 1770 2519 regni
1806 2465 1926 2516 par-

345 2554 455 2597 tem
488 2558 606 2612 qua:
634 2542 730 2609 ipsi
762 2542 1013 2595 attributa
1040 2550 1154 2593 erat
1180 2555 1303 2593 cum
1331 2539 1599 2592 luculenta
1631 2539 1918 2592 satellitum

343 2646 503 2689 manu
532 2633 720 2687 emittit
750 2648 763 2695 ;
797 2632 1123 2700 principibus
1153 2642 1331 2686 autem
1362 2647 1424 2684 ac
1454 2631 1698 2693 ducibus,
1734 2630 1916 2696 reique

342 2723 591 2779 militaris
637 2722 901 2790 praefectis
930 2734 984 2775 et
1016 2723 1270 2790 satrapis,
1306 2722 1350 2775 si
1400 2737 1626 2790 quorum
1672 2722 1918 2774 voluntas

342 2820 415 2869 ita
445 2816 669 2879 luisset,
701 2830 821 2867 cum
855 2813 964 2867 filio
1004 2826 1100 2866 suo
1130 2827 1192 2867 ac
1239 2827 1365 2884 rege
1415 2812 1787 2880 proficiscendi
1820 2825 1916 2879 po-

342 2916 588 2962 testatem
622 2908 764 2959 facit.
800 2909 971 2975 Atque
1004 2906 1271 2974 ingentem
1304 2905 1589 2973 quamdam
1621 2918 1683 2958 ac
1716 2919 1913 2957 nume-

341 2999 672 3053 rosissitnam
704 2999 910 3060 urbem,
961 2997 1012 3050 in
1056 3014 1153 3064 qua
1201 2998 1399 3065 regiam
1451 2996 1634 3050 sedent
1668 2996 1911 3062 haberet,

340 3086 595 3159 aSsignat,
621 3089 905 3155 omniaque
938 3102 998 3140 ea
1026 3102 1145 3156 quae
1188 3088 1399 3157 regibus
1441 3089 1767 3141 conveniunt
1813 3086 1913 3155 ipsi

2029 1904 2194 1969 patris
2241 1904 2406 1972 ipsius
2429 1915 2627 1959 metum
2660 1906 2711 1960 in
2736 1919 2943 1962 montes
2964 1918 3018 1963 et
3045 1912 3328 1978 speluncas
3357 1927 3475 1969 sese
3504 1915 3600 1969 ab-

2026 1990 2293 2053 dideraut,
2321 2009 2352 2047 e
2397 1994 2632 2049 latibulis
2685 1999 2796 2051 suis
2843 2009 3100 2054 exeuntes
3128 2040 3142 2065 ,
3177 2001 3299 2057 laeto
3327 2006 3508 2061 animo
3530 2007 3595 2061 ad

2026 2096 2148 2135 eum
2200 2084 2691 2151 proficiscebantur.
2719 2087 2835 2158 Ipse
2854 2104 2983 2145 vero
3012 2091 3074 2145 iis
3097 2095 3185 2161 qui
3217 2095 3414 2150 Christi
3437 2112 3597 2153 causa

2029 2172 2188 2225 tantis
2245 2176 2502 2229 molestiis
2525 2184 2580 2231 et
2634 2180 3033 2245 acerbitatibus,
3066 2193 3247 2252 totque
3275 2187 3598 2243 calamitati-

2028 2259 2128 2313 bus
2150 2260 2322 2314 affecti
2374 2263 2602 2334 fuerant,
2623 2267 2831 2320 obviam
2882 2272 3151 2339 prodieus,
3180 2289 3273 2328 eos
3308 2275 3599 2334 honorifice

2027 2351 2348 2418 excipiebat,
2382 2363 2538 2419 atque
2593 2357 2645 2409 in
2693 2360 2944 2421 palatium
2999 2376 3152 2415 suum
3195 2365 3588 2433 introducebat,

2028 2442 2188 2507 pedes
2208 2440 2441 2508 ipsorum
2477 2446 2679 2507 lavans,
2702 2450 2994 2514 squalidam
3028 2466 3233 2505 comam
3257 2454 3592 2525 abstergens,

2024 2538 2183 2597 atque
2205 2532 2346 2582 otnni
2370 2530 2533 2585 officii
2553 2548 2748 2600 genere
2771 2537 2917 2603 ipsos
2941 2542 3323 2608 complectens.
3358 2545 3484 2601 Post
3509 2564 3592 2602 au-

2025 2626 2131 2671 tem
2179 2620 2458 2673 ecclesiam
2491 2638 2677 2677 recens
2702 2641 2729 2678 a
2764 2641 2821 2680 se
2848 2640 3208 2686 constructam
3239 2634 3596 2693 dedicandam

2022 2718 2192 2776 curat,
2222 2723 2380 2779 atque
2408 2714 2715 2784 episcopum
2742 2720 3047 2787 quemdam,
3076 2725 3161 2793 qui
3192 2726 3311 2781 fidei
3333 2727 3593 2785 Christia-

2022 2814 2103 2853 nae
2132 2816 2288 2855 causa
2319 2804 2495 2858 multis
2524 2811 2774 2862 {erumnis
2803 2812 3134 2867 conflictatus
3182 2816 3371 2881 fuerat,
3401 2818 3593 2886 suique

2017 2891 2356 2959 episcopatus
2416 2896 2665 2951 thronum
2692 2903 2968 2967 amiserat,
2996 2893 3289 2961 antistitem
3329 2909 3381 2962 in
3412 2925 3477 2967 eo
3505 2911 3595 2967 in-

2020 2983 2210 3051 Stituit,
2269 2990 2470 3048 virum.
2538 2993 2784 3059 inquam,
2843 3002 3103 3061 sanctum,
3156 3006 3211 3052 et
3269 2999 3593 3057 ecclesiasti-

2022 3090 2207 3131 eorum
2261 3093 2524 3133 canonum
2574 3086 2822 3148 peritum,
2855 3086 3141 3156 divinoque
3196 3090 3314 3145 zelo
3364 3106 3591 3159 prorsus

339 3152 591 3246 itttpertit.
625 3178 755 3229 Tum
793 3152 951 3245 igitur
995 3152 1193 3247 regiam
1240 3179 1616 3230 auctoritatem
1650 3193 1711 3230 ac
1761 3187 1913 3245 pote-

2023 3166 2355 3236 flagrantem.
2386 3172 2463 3223 Ac
2528 3180 2636 3224 tum
2670 3173 2871 3241 piscina
2903 3190 2971 3229 ex
3020 3152 3257 3247 tempore
3315 3152 3474 3245 facta,
3501 3197 3597 3239 eos

339 3279 529 3322 statcm
564 3278 747 3321 nactus
776 3267 1059 3334 Jusaphat,
1095 3283 1213 3320 rum
1240 3268 1302 3320 ad
1336 3281 1453 3320 eam
1487 3269 1673 3320 urbem
1716 3268 1767 3319 in
1802 3283 1909 3335 qua

338 3372 402 3414 ea
442 3373 563 3427 quae
615 3359 679 3410 ad
732 3374 952 3427 regnum
1003 3358 1293 3426 gerendum
1344 3359 1679 3423 pertinebant
1729 3370 1912 3426 parata

338 3459 492 3502 erant
524 3448 773 3511 venisset,
799 3449 1080 3502 dominica:
1104 3449 1365 3515 passionis
1407 3452 1638 3517 signum,
1674 3453 1774 3502 Itoc
1804 3461 1907 3517 est,

338 3531 693 3585 venerandam
708 3530 901 3585 Christi
926 3547 1141 3586 crucem
1168 3533 1219 3586 in
1237 3534 1463 3602 singulis
1493 3535 1639 3587 urbis
1673 3536 1913 3587 turribus

339 3621 641 3679 collocavit.
676 3624 938 3678 Idolorum
962 3633 1138 3678 autem
1171 3624 1392 3679 delubra
1435 3634 1485 3678 et
1532 3640 1651 3679 aras
1682 3627 1907 3694 tlcjecit,

338 3724 499 3784 atque
531 3733 559 3769 a
588 3716 943 3769 fundamentis
987 3716 1115 3782 ipsis
1144 3717 1303 3781 eruit,
1335 3717 1511 3770 nullas
1537 3717 1783 3770 videlicet
1814 3720 1912 3769 im-

339 3806 549 3875 pietatis
579 3808 829 3874 reliquias
860 3806 1126 3876 linquens.

409 3901 585 3965 Atque
619 3896 669 3949 in
712 3899 881 3952 media
918 3904 1048 3952 urbe
1096 3899 1282 3968 ingens
1310 3914 1371 3953 ac
1400 3902 1714 3967 praeclarum
1766 3911 1907 3955 tem-

337 3985 484 4053 plum
516 3986 725 4041 Christo
755 3988 982 4043 Domino
1018 3990 1289 4055 excitavit,
1317 3990 1563 4059 plebique
1591 3990 1908 4059 imperavit,

336 4088 396 4132 ut
424 4079 491 4132 ad
531 4095 652 4134 eum
686 4081 860 4135 locum
892 4081 1085 4135 crebro
1114 4096 1441 4149 commeans,
1475 4082 1587 4135 Deo
1615 4098 1708 4151 per
1734 4085 1912 4137 crucis

334 4172 701 4226 adorationcm
753 4173 952 4226 cultum
1011 4173 1307 4228 adhiberet.
1356 4176 1423 4228 At
1471 4185 1595 4227 tunc
1626 4174 1740 4241 ipse
1789 4185 1913 4229 ante

333 4277 526 4316 omnes
556 4262 607 4315 in
638 4263 868 4316 medium
898 4264 1168 4332 prodiens,
1204 4264 1563 4319 intentissima
1583 4268 1762 4318 animo
1793 4278 1913 4331 pre-

336 4368 429 4407 ces
461 4353 736 4419 fundebat,
770 4369 1063 4422 omnesque
1092 4370 1185 4409 eos
1216 4356 1302 4421 qui
1328 4357 1426 4409 sub
1452 4356 1617 4423 ipsius
1645 4366 1911 4421 potestate

334 4462 399 4501 ac
421 4447 623 4501 ditione
668 4456 823 4501 erant
849 4449 1117 4514 monebat,
1148 4448 1482 4513 obsecrabat,
1518 4451 1644 4503 nihil
1677 4450 1909 4521 denique

2021 3261 2109 3326 qui
2143 3259 2207 3313 ad
2230 3258 2501 3314 Christttm
2529 3277 2648 3316 sese
2699 3276 3094 3335 converterant,
3134 3271 3386 3340 baptizari
3414 3272 3591 3343 jubet.

2023 3348 2089 3401 Et
2118 3351 2328 3417 quidem
2391 3352 2654 3420 principes
2684 3368 2745 3408 ac
2775 3358 3115 3426 magistratus
3144 3361 3299 3428 primi
3337 3362 3590 3431 baptizati

2020 3450 2162 3502 sunt,
2184 3449 2303 3507 post
2331 3451 2509 3496 autem
2540 3443 2626 3510 qni
2677 3444 2923 3501 militaris
2961 3448 3162 3503 ordinis
3207 3462 3378 3515 erant,
3410 3467 3473 3507 ac
3504 3468 3591 3508 re-

2020 3530 2221 3598 quunm
2252 3531 2459 3600 vulgus.
2496 3534 2571 3587 Ac
2601 3537 2685 3600 qui
2743 3536 3054 3602 baptismum
3084 3540 3458 3609 suscipiebant,
3488 3558 3593 3597 non

2019 3620 2177 3673 modo
2212 3622 2512 3677 animarum
2566 3626 2846 3680 sanitatem
2889 3630 3373 3696 consequebantur,
3405 3646 3590 3687 verum

2019 3712 2179 3764 etiam
2209 3713 2510 3780 quicunque
2531 3715 2769 3782 corporis
2808 3716 3006 3769 morbis
3036 3729 3089 3770 et
3123 3718 3356 3773 febribus
3381 3720 3591 3774 labora-

2018 3802 2169 3867 bant,
2210 3803 2415 3873 abjecta
2445 3805 2592 3858 omni
2623 3805 2839 3860 adversa
2886 3808 3222 3877 valetudine,
3257 3819 3367 3863 tum
3410 3810 3589 3864 animo

2018 3908 2175 3962 puro,
2204 3905 2312 3949 tum
2338 3897 2542 3964 integro
2587 3912 2811 3963 corpore
2839 3912 2870 3952 e
2913 3898 3114 3965 piscina
3160 3900 3583 3967 revertebantur,

2019 3998 2269 4057 percepta
2294 3988 2540 4043 videlicet
2581 3999 2688 4043 tum
2716 3992 3016 4045 animorum
3046 4000 3155 4045 tum
3186 4006 3469 4062 corporum
3500 4006 3589 4047 sa-

2021 4079 2211 4131 nitate.

2088 4168 2168 4221 0b
2191 4182 2416 4237 eamque
2434 4182 2647 4222 causam
2683 4170 2864 4237 ingens
2889 4170 3161 4226 hominum
3198 4174 3483 4227 multitudo
3523 4173 3589 4231 ad

2020 4276 2198 4330 regem
2255 4261 2513 4329 Josaphat
2570 4262 2921 4331 undecunque
2975 4266 3277 4320 conﬂuebat
3310 4306 3327 4330 ,
3380 4267 3589 4335 pictatis

2016 4350 2253 4404 doctrina
2276 4351 2344 4404 ab
2374 4367 2438 4406 eo
2467 4352 2629 4405 itnbtti
2662 4369 2952 4420 exposcens
2979 4395 2993 4417 ,
3020 4362 3181 4423 atque
3213 4356 3390 4409 omnia
3419 4356 3591 4409 idolo-

2016 4458 2131 4495 rum
2164 4443 2359 4510 templa
2417 4446 2816 4506 evertebantur,
2849 4459 3141 4512 omnesque
3182 4458 3313 4512 opes
3341 4459 3402 4497 ac
3433 4459 3589 4513 pecu~

337 4538 798 4603 praetermittebat,
833 4553 935 4605 quo
960 4538 1146 4604 ipsosa
1170 4540 1551 4607 superstitioso
1574 4555 1759 4595 errore
1782 4543 1908 4596 abs-
1940 4520 1990 4579 θ
2016 4536 2117 4585 ltiti:
2174 4533 2227 4585 in
2277 4532 2413 4586 ῖυηίδ
2459 4535 2744 4587 recondi”?
2789 4533 3252 4593 abstraheban'ur-
3297 4547 3591 4601 εοωιιιίιυθ

337 4628 596 4695 traheret,
630 4636 787 4697 atque
830 4629 893 4681 ad
944 4627 1217 4682 Christum
1268 4630 1907 4700 adjungeret:idolorum

333 4716 507 4770 cultus
555 4717 793 4771 fraudem
824 4727 984 4787 atque
1032 4718 1377 4786 imposturam
1413 4721 1702 4789 indicabat,
1741 4724 1913 4776 Evan-

333 4806 452 4873 gelii
492 4806 924 4873 praedicationem
952 4810 1269 4875 exponebat,
1303 4810 1391 4863 Dei
1422 4812 1569 4866 verbi
1601 4812 1760 4881 323
1791 4813 1911 4878 ple-

334 4911 454 4949 nam
488 4896 834 4965 indulgentiae
862 4898 1244 4953 demissiunem
1282 4904 1769 4969 commemorabat,
1816 4905 1909 4957 ad-

332 4985 708 5054 ventusipsius
730 4988 983 5041 miracula
1011 4990 1353 5055 praedicabat,
1380 4995 1550 5045 cruri»
1568 4996 1906 5062 supplicium,

338 5092 430 5146 per
458 5080 600 5147 quod
632 5080 859 5134 salutem
889 5083 1160 5134 consecuti
1208 5097 1414 5147 sumus,
1450 5085 1781 5150 declarabat,
1820 5102 1909 5140 rc-

335 5172 685 5225 surrectionis
718 5171 820 5223 vim
853 5183 1011 5238 atque
1036 5171 1087 5224 itt
1123 5173 1287 5227 caelos
1316 5176 1691 5229 ascensionem
1725 5193 1912 5231 narra-

336 5263 445 5326 bat,
474 5262 704 5330 denique
736 5263 1066 5315 tremendum
1096 5263 1241 5314 illum
1272 5263 1410 5316 diem
1440 5267 1791 5319 annuntiabat
1824 5283 1910 5320 se-

331 5354 488 5407 cundi
521 5356 688 5425 ipsius
720 5355 967 5407 horrendi
1018 5355 1296 5420 adventus,
1330 5366 1491 5426 atque
1518 5370 1626 5412 tum
1660 5362 1903 5415 recondi-

335 5454 387 5500 ta
421 5446 522 5514 piis
553 5447 712 5511 bona,
747 5455 855 5497 tum
887 5460 981 5497 eos
1010 5448 1276 5499 cruciatus
1300 5450 1387 5514 qui
1420 5450 1611 5517 impios
1635 5466 1697 5505 ac
1728 5454 1903 5507 scele-

335 5545 479 5591 ratos
505 5548 740 5591 manent.
772 5538 893 5590 llaac
924 5538 1098 5590 omnia
1138 5553 1397 5608 perquam
1430 5543 1637 5597 lenibus
1665 5560 1728 5599 ac
1756 5546 1907 5600 blan-

332 5626 416 5682 dis
435 5629 611 5682 verbis
630 5629 1096 5695 complectebatur.
1123 5629 1299 5700 Neque
1325 5634 1463 5687 enim
1491 5644 1595 5689 tam
1625 5639 1907 5703 potestatis

332 5718 684 5778 amplitudine
724 5734 783 5771 ac
830 5724 972 5785 regia
1022 5722 1410 5788 magnificentia
1443 5741 1602 5791 quam
1637 5728 1895 5783 modestia

2016 4623 2133 4678 loco
2185 4632 2523 4677 sacrosancta
2558 4622 2753 4690 templa
2787 4623 2895 4677 Deo
2920 4621 3405 4685 exacdificabantur,
3429 4637 3583 4689 opeso

2014 4732 2118 4787 que
2146 4717 2266 4771 illas
2312 4716 2649 4786 ingentisque
2689 4717 2843 4785 pretii
2870 4724 3051 4770 vestes
3078 4729 3139 4769 ac
3179 4715 3457 4769 thesauros
3488 4729 3582 4769 rex

2015 4806 2272 4876 Josaphat
2322 4806 2453 4873 ipsis
2510 4806 2858 4874 assignabat,
2888 4806 3049 4859 vilem
3077 4805 3284 4859 scilicet
3310 4817 3371 4857 ae
3396 4819 3588 4872 super-

2016 4911 2303 4951 vacaneam
2330 4896 2471 4949 illam
2503 4895 2780 4949 materiam
2813 4897 2911 4949 hac
2941 4894 3143 4949 ratione
3171 4893 3356 4948 utilem
3386 4910 3446 4946 ac
3477 4896 3587 4948 fru-

2016 4999 2255 5043 ctuosam
2280 4986 2542 5042 efficiens.
2575 4986 2899 5041 Exsecrandi
2920 5001 3082 5054 porro
3108 4987 3504 5055 dcemones,qui
3535 4986 3589 5039 in

2018 5078 2155 5132 fanis
2182 5077 2285 5131 illis
2316 5086 2371 5130 et
2402 5077 2660 5130 altaribus
2688 5075 3178 5139 commorabautur,
3198 5077 3591 5131 atrocissimum

2019 5174 2069 5226 in
2127 5171 2343 5225 modum
2373 5172 2720 5234 vexabantur,
2754 5183 2817 5222 ae
2866 5167 3206 5238 fugabantur,
3248 5181 3594 5238 ct-ortamqne

2017 5266 2117 5320 sibi
2135 5266 2491 5319 calamitatem
2519 5262 2857 5317 audientibus
2878 5260 3055 5315 multis
3077 5260 3397 5316 clamabant.
3424 5265 3596 5331 Atque

2020 5359 2237 5413 finitima
2270 5357 2359 5412 illa
2382 5358 2624 5412 universa
2655 5356 2805 5425 regio
2834 5354 3111 5410 tenebrosa
3144 5355 3377 5423 ipsorum
3407 5353 3595 5409 fraude

2016 5458 2179 5519 atque
2211 5451 2505 5515 impostttra
2543 5446 2892 5511 liberabatur,
2920 5461 2982 5499 at:
3012 5446 3436 5501 Chrisuanorum
3467 5435 3597 5499 fidei

2017 5543 2085 5596 ab
2111 5543 2253 5595 ontni
2288 5541 2406 5595 labe
2445 5555 2505 5593 ac
2537 5540 2955 5609 reprehensione
2975 5540 3155 5593 libera:
3176 5538 3290 5593 luce
3315 5539 3595 5591 collustraa

2018 5636 2190 5689 batur.

2087 5726 2358 5794 Siquidem
2377 5728 2491 5796 ipse
2520 5739 2729 5795 quotuc
2775 5739 2862 5780 rex
2896 5725 3141 5781 omnibus
3162 5725 3369 5780 virtutis
3399 5727 3580 5774 exem-
