4010 6226
456 314 553 367 579

1474 313 1561 365 DE
1605 310 1782 367 VITIS
1820 309 2103 365 PATRUM
2146 306 2349 361 LIBER
2390 305 2669 359 PRIMUS.

3602 296 3706 352 580

459 430 572 495 plar
607 433 744 490 erat,
764 438 824 478 ac
880 425 1173 492 permultos
1217 424 1281 478 ad
1331 426 1573 479 eamdem
1618 424 1940 478 voluntatem
1973 438 2010 476 el

2135 420 2292 473 ficere
2318 419 2671 479 existimaret,
2703 429 2819 469 cum
2856 414 2907 466 in
2940 426 3031 466 eos
3068 410 3311 464 beneficii
3337 408 3534 478 aliquid
3577 424 3709 465 con-

458 517 775 571 sentenliam
833 515 1099 570 excitabat
1166 525 1220 569 et
1267 516 1649 567 inflammabat.
1710 514 2025 581 llujusmodi

458 609 653 676 quippe
682 607 1005 675 principatus
1038 615 1194 675 atque
1223 606 1431 674 imperii
1465 615 1651 658 natura
1679 614 1791 668 est;
1814 619 2027 670 semper

458 696 597 750 enim
629 696 825 751 subditi
849 696 915 749 ad
949 710 1072 750 eum
1102 696 1191 762 qui
1221 709 1399 747 rerum
1431 696 1627 761 potitur
1650 708 1771 747 sese
1809 708 2028 761 compo-

458 800 612 854 nunt,
639 804 807 858 eaque
839 803 1018 841 amare
1037 802 1099 842 ac
1123 788 1417 841 consectari
1442 787 1635 847 solent,
1662 786 1852 854 quibus
1878 785 2024 852 prin-

459 870 1174 948 cipemdelectarisentiunt.
1203 878 1358 944 Hinc,
1388 878 1496 931 Deo
1526 878 1830 945 adjuvante,
1859 877 2027 942 pietas

460 974 587 1039 ipsis
602 974 912 1041 augebatur,
930 987 1201 1039 novosque
1219 972 1270 1023 in
1292 971 1406 1024 dies
1432 983 1747 1037 progressus
1776 967 2021 1030 faciebat,

454 1078 517 1117 ac
546 1078 634 1115 rex
666 1065 715 1115 in
762 1062 959 1116 Christi
1000 1061 1368 1114 mandatorum
1409 1059 1838 1113 observationem
1879 1066 2021 1111 totus

458 1144 1023 1222 incumbebat,atque
1076 1168 1140 1206 ex
1194 1153 1362 1218 ipsius
1419 1150 1674 1204 charitate
1734 1149 2017 1219 pendebat.

456 1244 686 1311 Eratque
720 1231 862 1296 verbi
891 1244 1073 1311 gratia:
1104 1244 1461 1309 diSpensator,
1501 1256 1562 1294 ac
1588 1241 1875 1295 multarum
1906 1239 2023 1291 ani-

456 1350 663 1387 marum
717 1335 1058 1402 gubernator,
1085 1334 1150 1387 ad
1202 1335 1293 1387 Dei
1337 1345 1543 1402 portum
1576 1348 1669 1387 eas
1722 1314 2017 1400 appellens.

461 1426 665 1477 Etenim
698 1424 825 1478 illud
850 1426 1176 1493 exploratum
1202 1424 1448 1485 habebat,
1476 1425 1714 1476 omnium
1744 1422 2016 1489 regiorum

457 1530 738 1571 munerum
771 1516 870 1568 hoc
922 1516 1230 1582 primarium
1262 1527 1314 1567 et
1344 1515 1841 1582 prmstantissimum
1874 1528 2014 1579 esse,

454 1613 509 1655 ut
540 1605 779 1657 homines
794 1604 859 1656 ad
886 1604 976 1657 Dei
1010 1614 1203 1658 metum
1223 1605 1519 1673 acjustitiaa
1546 1606 1743 1658 cultum
1772 1604 2015 1658 erudiat:

450 1697 589 1762 quod
620 1697 779 1750 etiam
806 1698 918 1764 ipse
946 1694 1198 1764 faciebat,
1223 1701 1459 1767 seipsum
1483 1698 1731 1753 videlicet
1764 1700 1828 1751 ad
1853 1700 2020 1766 impe-

2131 511 2313 563 ferret.
2339 510 2469 561 Nam
2516 525 2634 561 cum
2682 507 2861 560 animo
2911 504 3284 557 liberalissimo
3310 516 3372 554 ac
3404 517 3528 556 vere
3558 503 3709 573 regio

2133 599 2383 665 praeditus
2407 611 2570 659 esset,
2600 580 2879 666 egentibus
2908 610 3032 648 omn
3061 594 3156 645 bus
3175 590 3375 643 affatim
3401 590 3706 656 tribuebat;

2129 689 2269 755 quod
2326 689 2533 741 scilicet
2571 687 2789 739 inlinilis
2822 684 3061 752 partibus
3106 680 3367 748 majorem
3398 681 3709 735 mercedem

2135 777 2255 830 hinc
2283 788 2541 844 speraret,
2574 792 2691 829 cum
2717 786 2923 842 tempus
2950 773 3075 825 illud
3107 771 3412 825 advenisset
3434 786 3540 838 quo
3566 787 3711 826 mer-

2130 882 2220 921 ces
2256 868 2554 921 actionibus
2588 866 2924 936 rependcnda
2958 874 3118 918 esset.

2200 960 2331 1013 Cum
2382 969 2559 1014 autem
2592 959 2893 1027 hujusmodi
2925 958 3092 1025 ipsius
3122 957 3257 1009 fama
3291 955 3437 1009 brevi
3470 970 3710 1024 quaqua-

2138 1068 2351 1105 versum
2384 1068 2564 1121 sparsa
2593 1062 2754 1115 esset,
2784 1066 2970 1104 omnes
2994 1050 3058 1102 ad
3090 1065 3210 1101 cum
3241 1057 3493 1116 tanquam
3523 1048 3705 1117 aliquo

2129 1145 2383 1212 unguenti
2433 1146 2598 1197 odore
2645 1142 2893 1197 concitati
2923 1184 2936 1205 ,
2971 1140 3206 1209 quotidie
3247 1138 3609 1209 confluebant,
3642 1149 3704 1195 ut

2127 1244 2234 1287 tum
2288 1249 2595 1302 corporum,
2625 1244 2735 1287 tum
2790 1234 3086 1287 animarum
3136 1239 3499 1299 paupertatem
3541 1246 3707 1285 excu-

2136 1337 2339 1393 terenl;
2369 1339 2525 1397 atque
2576 1328 2688 1393 ipse
2718 1326 2969 1379 omnibus
2998 1323 3049 1376 in
3081 1339 3173 1378 ore
3194 1330 3330 1377 erat.
3361 1322 3541 1391 Neque
3561 1323 3706 1376 enim

2132 1430 2301 1473 terror
2332 1434 2394 1471 ac
2422 1420 2691 1487 tyrannica
2746 1419 2824 1470 vis
2864 1418 3109 1486 populum
3135 1415 3494 1483 pertrahebat,
3520 1431 3705 1468 verum

2136 1511 2463 1565 desiderium
2495 1526 2558 1565 ac
2604 1512 2839 1562 sincerus
2869 1524 2990 1575 erga
3032 1523 3150 1561 eum
3174 1522 3346 1571 amor,
3370 1506 3457 1573 qui
3486 1505 3703 1574 quidem

2128 1606 2383 1659 divinitus
2409 1615 2567 1673 atque
2595 1622 2657 1657 ex
2688 1604 3119 1670 praestantissima
3154 1601 3317 1667 ipsius
3350 1601 3469 1653 vitm
3497 1602 3703 1653 ratione

2125 1694 2174 1745 in
2207 1695 2440 1747 omnium
2463 1694 2654 1747 animis
2684 1695 2875 1746 insitus
2905 1701 3041 1746 erat.
3073 1693 3205 1743 Tum
3241 1692 3416 1760 igtur,
3457 1702 3587 1757 tum,
3621 1691 3703 1744 in-

449 1786 528 1839 rio
560 1786 813 1840 tenendas
844 1788 1003 1839 animi
1028 1790 1449 1854 perturbationes
1477 1789 2015 1855 comparans,subdi-
2048 1785 2093 1843 B
2127 1800 2306 1853 quam,
2339 1786 2371 1838 ii
2401 1801 2613 1853 quoque
2640 1785 2731 1852 qui
2765 1784 2863 1836 sub
2887 1784 3052 1851 patris
3076 1784 3241 1850 ipsius
3278 1784 3500 1850 imperio
3521 1792 3695 1845 erant.

449 1886 634 1944 tosque
659 1892 782 1930 suos
812 1878 1134 1943 admonens,
1166 1888 1323 1947 atque
1347 1880 1531 1945 optimi
1562 1878 1801 1932 naucleri
1850 1877 2017 1931 instar

450 1967 666 2031 justitiae
705 1969 912 2022 clavum
963 1968 1149 2023 sedulo
1217 1978 1421 2022 tenens.
1463 1969 1594 2022 Nam
1643 1969 1757 2022 haec
1802 1969 2015 2023 demum

448 2057 561 2109 veri
613 2059 757 2126 regni
815 2059 895 2112 lex
954 2074 1017 2112 ac
1077 2074 1259 2112 norma
1318 2068 1431 2123 est,
1483 2060 1730 2112 nimirum
1778 2060 2019 2128 volupta-

458 2150 595 2203 tibus
668 2150 929 2219 imperare
959 2195 972 2217 ,
1026 2152 1190 2219 iisque
1235 2152 1520 2214 dominari,
1565 2152 2015 2220 quemadmodum

449 2241 560 2307 ipse
621 2243 776 2293 etiam
852 2243 1101 2298 faciebat.
1161 2242 1365 2310 Quippe
1434 2257 1531 2295 nec
1614 2246 1679 2296 de
1750 2248 2015 2311 majorum

450 2332 748 2397 nobilitate,
773 2346 869 2385 nec
914 2333 978 2384 de
1014 2335 1151 2400 regia
1188 2335 1378 2401 gloria,
1415 2335 1462 2385 in
1513 2349 1612 2400 qua
1678 2335 2010 2401 versabatur,

448 2419 557 2471 ullo
626 2419 784 2472 modo
835 2435 955 2473 sese
1014 2422 1240 2475 efferens
1285 2422 1735 2489 (qumdoquidem
1818 2425 2011 2479 luteum

445 2522 629 2561 omnes
690 2508 901 2576 generis
976 2518 1247 2563 auctorem
1315 2512 1616 2578 habemus,
1675 2514 2017 2580 ejusdemque

445 2598 645 2667 argillze
676 2615 936 2668 pauperes
981 2616 1133 2670 atque
1154 2618 1216 2656 ac
1245 2602 1438 2658 divites
1468 2606 1696 2673 sumus),
1726 2621 1904 2658 verum
1964 2607 2015 2659 in

448 2688 759 2743 humilitatis
779 2690 1029 2760 abyssum
1050 2701 1280 2746 mentem
1304 2709 1451 2746 suam
1476 2694 1687 2748 assidue
1702 2694 2012 2763 eonjiciens,

451 2776 787 2847 futuramque
813 2781 1192 2835 beatitudinem
1225 2784 1402 2835 animo
1426 2795 1478 2838 et
1505 2785 1829 2852 cogitatione
1855 2786 2017 2856 324

446 2870 829 2936 complectens,
865 2873 1177 2940 inquilinum
1228 2874 1313 2927 hic
1343 2876 1577 2944 seipsum
1609 2891 1727 2931 esse
1749 2878 2008 2943 ducebat;

444 2973 505 3011 ea
528 2971 702 3013 autem
735 2961 945 3030 propria
968 2977 1089 3017 esse
1142 2965 1428 3029 statuebat,
1454 2968 1645 3034 quibus
1696 2977 1817 3034 post
1858 2968 2013 3038 hujus

451 3052 571 3103 vitae
621 3053 1098 3122 peregrinationem
1176 3057 1459 3110 frueretur.
1499 3060 1630 3111 Cum
1679 3070 1856 3112 autem
1900 3060 2013 3113 haec

2124 1874 2190 1925 ad
2213 1890 2334 1927 eum
2368 1877 2543 1943 potius
2565 1891 2682 1929 sese
2703 1874 3087 1944 adjungebant,
3105 1874 3350 1942 omnique
3371 1874 3577 1942 al-jecto
3600 1890 3687 1927 er-

2126 1980 2285 2031 rore,
2322 1967 2596 2020 veritatem
2662 1967 3041 2034 praedzcabant.
3092 1966 3169 2019 Ac
3225 1965 3413 2018 domus
3470 1964 3688 2032 quidem

2124 2057 2381 2126 Josaphat
2429 2058 2704 2111 crescebat
2749 2068 2799 2111 et
2842 2057 3232 2120 invalescebat;
3284 2055 3472 2107 demus
3514 2064 3697 2107 autem

2124 2147 2375 2201 Abenner
2426 2149 2772 2202 decrescebat
2821 2162 2883 2200 ac
2925 2146 3321 2207 debilitabatur,
3348 2146 3699 2212 qliematlttto-

2121 2239 2244 2291 dum
2275 2239 2479 2293 scilicet
2505 2242 2571 2295 de
2606 2241 2801 2293 Davide
2832 2254 2892 2293 ac
2923 2239 3083 2294 Saule
3103 2238 3154 2291 in
3183 2239 3386 2308 lit-gum
3409 2237 3541 2291 libro
3573 2252 3699 2305 pro-

2120 2329 2288 2383 ditum
2320 2339 2400 2384 est
2430 2329 2539 2398 (Il.
2576 2331 2697 2400 Heg.
2733 2331 2812 2400 ).

2198 2422 2324 2474 Car.
2367 2419 2602 2473 XXXIV.
2738 2421 2859 2472 lianc
2902 2435 2993 2473 rex
3040 2418 3292 2471 Abeuner
3326 2414 3701 2481 conspiciens,

2128 2514 2344 2567 tandem
2385 2513 2677 2582 aliquando
2706 2520 2922 2581 recepta
2955 2519 3156 2572 mente,
3189 2506 3448 2561 falsorum
3484 2509 3705 2560 deorum

2122 2619 2338 2658 suorum
2369 2615 2525 2671 atque
2582 2605 2754 2656 inanis
2785 2603 3092 2668 imposturaa
3148 2598 3699 2651 imbecilitatemcon-

2124 2697 2420 2750 demnavit.
2455 2696 2531 2748 Ac
2556 2709 2765 2747 rursum
2794 2691 2992 2746 coactis
3035 2688 3291 2744 senatorii
3317 2688 3522 2742 ordinis
3554 2687 3700 2756 prin-

2123 2790 2351 2855 cipibus,
2384 2803 2502 2855 qum
2529 2787 2716 2853 ipsein
2741 2785 2920 2839 animo
2946 2784 3196 2849 haberet,
3233 2784 3286 2835 in
3318 2783 3486 2834 lucem
3520 2789 3701 2847 protu

2131 2877 2483 2932 lit.0mn'tbus
2522 2887 2695 2930 autem
2734 2876 2919 2929 eadem
2962 2870 3701 2939 confirmantibus(visitarat

2119 2969 2260 3020 enim
2289 2982 2383 3020 eos
2410 2968 2599 3022 Oriens
2621 2983 2684 3021 ex
2713 2968 2818 3021 alto
2842 2964 3020 3036 (Lucra
3049 2966 3109 3032 l),
3142 2964 3240 3019 hoc
3285 2972 3366 3018 est
3386 3005 3403 3030 ,
3426 2963 3699 3025 Salvator,

2119 3062 2361 3115 exaudita
2394 3062 2637 3115 videlicet
2674 3059 2858 3113 famuli
2907 3060 2987 3113 sui
3018 3058 3276 3125 Josapllat
3294 3056 3579 3124 oratione),
3604 3069 3700 3109 rex

453 3143 702 3207 praeclare
735 3146 1007 3212 gessisset,
1042 3154 1201 3214 atque
1227 3162 1413 3201 Omnes
1466 3150 1659 3216 quibus
1704 3160 1950 3218 prarerat,
1984 3170 2010 3204 a
2040 3151 2088 3213 C
2120 3153 2184 3205 de
2227 3152 2307 3204 his
2338 3151 2497 3204 rebus
2555 3152 2717 3203 [ilium
2746 3151 3026 3203 certiorem
3081 3146 3379 3200 faciendum
3413 3161 3535 3199 esse
3564 3159 3697 3199 cert-

448 3233 614 3283 veteri
636 3240 793 3300 atque
821 3250 848 3287 a
879 3236 1115 3301 patribus
1153 3240 1345 3289 tradito
1374 3254 1559 3293 errore
1593 3241 1871 3306 liberatos,
1897 3242 2011 3310 ejus

446 3321 535 3388 qui
558 3337 653 3375 nos
686 3327 920 3389 pretioso
951 3341 1045 3379 suo
1070 3332 1324 3396 sanguine
1354 3345 1417 3383 ex
1464 3332 1597 3384 mala
1649 3333 1905 3387 servitute
1932 3350 2012 3385 re-

446 3411 607 3463 demit
629 3428 815 3466 servos
839 3415 1120 3481 effecisset,
1139 3428 1318 3485 postea
1348 3420 1394 3472 id
1412 3420 1589 3475 animo
1612 3424 1811 3489 agitare
1829 3425 2008 3491 etrapit,

444 3512 500 3553 ut
553 3504 913 3560 beneficentiae
963 3522 1025 3560 ac
1074 3511 1361 3576 largitionis
1417 3512 1667 3566 virtutem
1723 3516 2010 3568 excoleret.

444 3591 571 3643 Nam
605 3598 1005 3661 temperantiam
1028 3600 1241 3667 quidem
1268 3615 1329 3653 ac
1350 3601 1612 3670 justitiam
1646 3606 1881 3657 numeris
1902 3604 2011 3673 jam

443 3687 687 3739 omnibus
740 3687 1062 3753 absoltcrat,
1096 3698 1154 3740 ut
1200 3691 1289 3757 qui
1318 3699 1373 3743 et
1400 3695 1763 3759 temperantiae
1812 3708 2009 3748 corona

443 3779 738 3843 redimitus,
766 3789 819 3833 et
843 3781 1061 3846 justitiae
1094 3797 1321 3848 purpura
1342 3788 1664 3839 eonvestitus
1688 3797 1848 3841 esset.
1876 3788 2010 3842 Illud

442 3870 597 3936 igitur
625 3871 1107 3934 animadvertebat,
1134 3883 1462 3927 terrenarum
1495 3891 1653 3943 opum
1704 3878 2012 3932 inconstan-

445 3961 566 4012 tiam
601 3962 970 4028 prolluentium
990 3977 1243 4029 aquarum
1268 3978 1480 4016 cursum
1510 3966 1700 4019 imitari
1724 3987 1737 4022 :
1760 3970 2007 4037 quocirca

445 4051 553 4105 illic
584 4066 677 4105 eas
727 4051 1021 4106 recondere
1056 4053 1395 4121 properabat,
1427 4056 1513 4108 ubi
1548 4072 1718 4125 neque
1747 4060 1885 4112 tinea
1918 4074 2008 4112 ne-

438 4154 542 4205 que
598 4140 784 4207 rubigo
813 4139 1117 4205 demolitur,
1161 4158 1259 4195 nec
1290 4145 1427 4198 fures
1460 4145 1711 4200 effodiunt
1733 4163 1794 4201 ac
1819 4146 2006 4202 furan-

444 4239 557 4291 tur;
590 4229 764 4295 itaque
808 4230 925 4281 sine
978 4231 1080 4282 ulla
1118 4236 1435 4298 parcitnonia
1462 4237 1711 4303 pecunias
1740 4254 1924 4293 omnes
1954 4242 2004 4293 in

443 4335 702 4387 pauperes
749 4320 1065 4375 distribuere
1115 4325 1294 4390 cmpit.
1324 4324 1453 4377 Illud
1486 4328 1626 4380 enim
1674 4340 2005 4397 perspectum

450 4410 695 4472 habebat,
721 4411 768 4464 ei
820 4411 907 4477 qui
951 4412 1014 4463 ad
1048 4412 1314 4480 ingentem
1360 4416 1652 4483 potentiam
1702 4422 2004 4485 pervenerit

2123 3243 2247 3293 suit.
2279 3240 2461 3309 Itaque
2509 3239 2767 3308 postridie
2795 3236 3071 3306 epistolam
3102 3236 3167 3289 ad
3208 3252 3327 3290 eum
3354 3234 3559 3298 scribit,
3596 3236 3700 3291 hoc

2125 3332 2399 3397 exemplo:

2263 3422 2373 3475 ltex
2423 3421 2679 3474 Abenncr
2708 3418 3026 3472 charissimo
3055 3434 3152 3473 suo
3199 3417 3303 3471 filio
3329 3417 3582 3485 Josaphat
3611 3434 3697 3470 sa-

2118 3513 2298 3566 lutem.

2256 3602 2617 3669 Cogitationes
2641 3601 2838 3663 multae,
2931 3600 3250 3654 eharissime
3308 3599 3418 3665 fili,
3457 3601 3695 3654 animum

2115 3693 2426 3757 subeuntes,
2459 3708 2580 3745 eum
2623 3691 2934 3760 gravissime
2975 3691 3312 3745 conturbant.
3347 3691 3557 3744 Etenim
3597 3708 3694 3745 n0-

2114 3792 2222 3834 stra
2255 3783 2429 3837 omnia
2465 3784 2630 3834 instar
2655 3781 2783 3834 fumi
2812 3782 3039 3835 deficere
3075 3788 3232 3850 atque
3262 3796 3605 3845 evanescere,
3630 3797 3693 3836 ac

2114 3884 2297 3926 contra
2329 3873 2642 3939 religionem
2674 3884 2813 3924 tuam
2848 3873 2960 3926 sole
2998 3873 3195 3926 clarius
3228 3873 3443 3940 fulgere
3474 3875 3691 3941 conspi-

2114 3966 2283 4029 ciens,
2311 3981 2377 4042 ea
2404 3981 2524 4033 qua:
2554 3981 2581 4017 a
2613 3976 2664 4019 te
2684 3966 2812 4018 mihi
2841 3966 2980 4023 dicta
3008 3974 3133 4018 sunt
3161 3980 3285 4019 vera
3336 3980 3459 4019 esse
3505 3970 3645 4019 sensi
3672 3981 3688 4028 ;

2112 4062 2364 4128 quodque
2393 4060 2574 4112 densae
2606 4058 2872 4112 scelerum
2905 4068 2959 4111 et
2987 4058 3273 4126 impietatis
3311 4058 3541 4112 tenebris
3592 4074 3690 4111 nos

2115 4150 2185 4204 ita
2240 4151 2591 4215 obruebant,
2640 4157 2697 4202 ut
2744 4148 2796 4202 in
2846 4149 3126 4201 veritatem
3161 4148 3342 4202 oculos
3376 4148 3646 4216 conjicere
3671 4188 3688 4209 ,

2110 4250 2269 4310 atque
2297 4244 2535 4295 omnium
2567 4257 2744 4295 rerum
2779 4254 3050 4309 parentem
3072 4250 3126 4295 et
3154 4241 3501 4294 architectum
3525 4256 3688 4311 agno-

2110 4347 2262 4387 scere
2292 4334 2507 4387 minime
2537 4347 2811 4401 possemus
2837 4376 2851 4400 ,
2903 4348 3088 4386 verum
3128 4336 3301 4387 lucem
3346 4348 3514 4403 usque
3552 4336 3703 4388 adeo.

2110 4421 2445 4487 Splendidam
2478 4421 2572 4473 abs
2597 4431 2648 4474 te
2682 4421 2834 4474 nobis
2857 4423 3295 4485 demonstratam,
3322 4462 3337 4487 ,
3366 4422 3594 4478 occlusis
3617 4426 3685 4478 de

438 4499 731 4552 curandum
763 4513 882 4553 esse
930 4509 987 4553 ut
1030 4517 1149 4554 eum
1195 4504 1346 4569 cujus
1401 4505 1659 4558 beneficio
1712 4509 2002 4574 potentiam
2035 4505 2084 4563 D
2115 4509 2375 4562 industria
2418 4510 2587 4562 oculis
2621 4509 2921 4576 perspicere
2954 4523 3321 4564 recusaremus
3353 4550 3368 4574 ,
3419 4520 3579 4580 atque
3632 4523 3683 4566 te

437 4599 754 4643 consecutus
796 4590 863 4643 sit
895 4604 989 4657 pro
1036 4592 1235 4645 viribus
1286 4593 1547 4656 imitetur;
1584 4596 1681 4649 hac
1732 4611 1892 4664 porro
1922 4613 2004 4651 ra-

432 4680 574 4734 tione
614 4694 736 4733 eum
782 4679 847 4733 ad
913 4681 1001 4734 Dei
1058 4683 1403 4739 imitationem
1468 4699 1803 4740 accessurum
1862 4704 1999 4755 esse,

430 4772 473 4824 si
530 4770 665 4824 nihil
714 4770 1080 4827 misericordia
1137 4775 1311 4841 potius
1369 4786 1527 4844 atque
1579 4778 1848 4847 antiquius
1902 4779 2002 4833 du-

429 4877 532 4915 cat.
584 4864 937 4928 Quamobrem
994 4867 1203 4933 pietatis
1239 4882 1397 4935 opes,
1438 4885 1556 4937 quae
1584 4880 1640 4922 et
1682 4870 1767 4925 hic
1809 4875 2001 4926 futurae

428 4956 716 5023 voluptatis
771 4972 865 5023 spe
918 4946 1151 5011 animum
1211 4959 1524 5022 oblectant,
1597 4972 1652 5015 et
1699 4963 1810 5018 illic
1875 4980 1997 5033 spe-

426 5053 558 5097 ratae
598 5045 938 5101 beatitudinis
985 5047 1156 5102 fructu
1205 5064 1437 5103 anunum
1470 5053 1793 5119 exhilarant,
1838 5070 1997 5123 super

426 5146 615 5185 aurum
659 5143 711 5186 et
742 5133 966 5201 lapidem
1014 5138 1302 5203 pretiosum
1327 5140 1427 5194 sibi
1467 5144 1774 5212 aggerebat.
1808 5146 1996 5201 Postea

425 5235 668 5276 carceres
714 5239 841 5277 suos
885 5240 1243 5296 perscrutans,
1270 5243 1376 5285 tum
1438 5234 1499 5287 iis
1535 5234 1624 5303 qui
1668 5237 1732 5290 ad
1765 5242 1996 5295 'metalla

427 5310 663 5364 damnati
693 5325 866 5379 erant,
900 5326 1008 5368 tum
1036 5319 1097 5372 iis
1125 5323 1211 5387 qui
1239 5337 1266 5374 a
1306 5324 1662 5380 creditoribus
1694 5333 1996 5400 strangula-

426 5401 636 5463 baLtur.
668 5420 727 5487 ac
750 5405 978 5474 denique
1000 5412 1249 5467 omnibus
1270 5417 1447 5470 omnia
1479 5418 1696 5487 copiose
1742 5421 2000 5477 submini-

424 5502 646 5549 strabat.
672 5486 1047 5566 'Orphanorum
1071 5506 1307 5559 omnium
1330 5519 1383 5561 et
1411 5508 1685 5565 viduarum
1710 5526 1773 5566 ac
1803 5530 1999 5583 paupe-

424 5598 541 5637 rum
595 5598 743 5654 pater
791 5598 903 5642 erat
937 5630 951 5655 ,
1012 5592 1293 5663 indulgens
1354 5598 1567 5667 inquam
1627 5618 1690 5657 ac
1736 5605 1997 5675 benignus

424 5686 595 5743 pater,
623 5690 780 5749 atque
816 5682 882 5736 ita
910 5695 1265 5753 comparatus,
1294 5698 1348 5743 ut
1370 5692 1602 5757 seipsum
1636 5692 1893 5751 beneficio
1916 5698 1994 5751 af-

2112 4600 2294 4653 multis
2320 4600 2471 4653 maLis
2509 4600 2864 4660 alliceremus,
2898 4610 2953 4651 et
2982 4601 2999 4668 (
3082 4616 3166 4653 me
3192 4604 3445 4655 miserum
3472 4601 3513 4671 )
3543 4604 3682 4657 haud

2111 4706 2307 4758 paucos
2336 4693 2672 4745 Christianus
2719 4697 2990 4747 crudelem
3045 4696 3096 4747 in
3141 4696 3355 4749 modum
3393 4697 3683 4751 trucidare-

2108 4799 2225 4836 mus
2258 4801 2268 4836 :
2296 4786 2382 4851 qui
2413 4788 2626 4852 quidem
2655 4786 2851 4837 invicta
2884 4787 3117 4854 potentia
3146 4790 3274 4857 ipsis
3295 4804 3450 4857 opem
3476 4790 3682 4845 ferente

2110 4872 2466 4938 corroborati,
2496 4876 2561 4928 ad
2587 4886 2882 4929 extremum
2916 4892 3082 4946 usque
3121 4882 3365 4946 Spiritum
3397 4881 3679 4937 adversum

2104 4964 2489 5019 immanitatem
2506 4976 2741 5021 nostram
2756 4967 3094 5023 dimicarunt.
3113 4968 3261 5025 Nunc
3282 4987 3426 5037 vero,
3442 4972 3679 5028 detracta

2102 5070 2167 5110 ex
2199 5056 2368 5109 oculis
2398 5058 2593 5110 nostris
2624 5072 2805 5112 crassa
2835 5060 2921 5111 illa
2950 5061 3194 5127 caligine,
3220 5063 3468 5129 exiguum
3489 5080 3678 5132 quem-

2100 5146 2222 5200 dam
2253 5146 2491 5201 veritatis
2509 5148 2717 5201 radium
2742 5151 3031 5214 cernimus,
3063 5153 3407 5220 priorumque
3428 5155 3677 5210 vitiorum

2104 5240 2382 5308 pmnitudo
2414 5241 2652 5293 animum
2690 5241 2852 5295 subit.
2880 5241 3077 5296 Verum
3104 5243 3244 5297 hunc
3266 5260 3477 5313 quoque
3498 5246 3674 5314 splen-

2103 5332 2287 5385 dorem
2319 5331 2422 5385 alia
2469 5331 2752 5386 horrendae
2786 5333 3174 5401 desperationis
3205 5337 3377 5390 nubes
3424 5342 3675 5395 exoriens

2102 5426 2406 5492 opprimere
2439 5436 2597 5494 atque
2635 5428 2972 5494 exstinguere
2999 5438 3243 5493 conatur,
3278 5430 3403 5483 mihi
3430 5432 3674 5487 videlicet

2104 5506 2441 5582 peccatorum
2496 5530 2738 5570 meorum
2785 5517 3175 5571 multitudinem
3223 5519 3292 5573 ob
3336 5522 3521 5575 oculos
3562 5537 3676 5589 pro-

2104 5620 2325 5674 ponens,
2354 5607 2600 5676 quodque
2622 5607 2730 5677 jam
2762 5623 2863 5677 ego
2899 5610 3111 5666 Christo
3162 5611 3285 5665 odio
3331 5621 3492 5682 atque
3531 5628 3675 5670 exse-

2100 5696 2321 5751 crationi
2364 5712 2502 5763 sum,
2535 5713 2704 5768 eaque
2747 5702 2796 5753 in
2828 5714 2986 5754 causa
3009 5741 3021 5767 ,
3046 5710 3101 5755 ut
3126 5701 3235 5770 jam
3266 5702 3334 5757 ab
3362 5705 3478 5772 ipso
3509 5705 3671 5772 recipi
