4010 6282
328 319 417 375 581

787 322 946 374 V'ITA
989 321 1400 379 SANCTORUM
1445 321 1772 380 BARLAAM
1816 327 2143 382 EREllIT:E
2191 331 2277 384 ET
2319 331 2668 388 JOSAPHAT
2710 335 2913 390 INDIAZ
2954 336 3177 394 REGIS.

3458 342 3563 398 58⁸1

336 444 618 496 nequeam,
654 439 710 484 ut
754 433 840 498 qui
873 433 1130 485 adversus
1163 447 1283 486 eum
1318 433 1617 488 rebellarim
1641 481 1654 499 ,
1689 437 1894 504 ipsique
1924 445 1968 498 Α
2000 442 2127 494 itare
2173 458 2384 507 queam.
2444 446 2702 510 Quoniam
2751 456 2805 500 tu
2858 449 3121 516 gloriosus
3173 467 3231 505 es
3279 451 3329 506 in
3370 461 3565 510 sazcula

323 523 513 578 bellum
556 521 861 575 indixerim.
906 522 1037 585 Quid
1104 523 1262 588 igitur
1312 524 1447 589 spei,
1503 539 1534 576 ο
1579 526 1897 578 suavissime

323 615 418 676 fili,
445 612 511 665 ad
543 613 657 665 haec
690 612 858 673 dicas,
909 611 988 663 fac
1015 612 1404 679 quamprimum
1438 615 1601 664 sciam
1633 655 1644 672 ,
1679 629 1741 665 ac
1771 617 1894 682 quid

321 703 444 756 mihi
481 700 617 767 patri
635 709 748 777 ‘tuo
781 700 1081 752 faciendum
1110 701 1178 752 sit
1201 701 1365 766 doce,
1416 711 1583 769 atque
1625 703 1690 754 ad
1733 703 1851 770 ejus
1877 745 1891 769 ,

321 791 457 858 quod
499 792 552 844 iu
595 805 708 845 rem
749 803 921 842 meam
970 787 1206 842 futurum
1255 790 1345 854 sit,
1392 792 1752 858 cognitionem
1809 808 1894 846 me

321 892 574 950 tanquam
613 888 857 948 porrecta
890 892 1048 930 manu
1079 874 1162 930 fac
1207 876 1390 930 ducas.
1426 877 1605 930 γεω..

389 997 537 1051 Hanc
563 993 844 1063 epistolam
873 1009 993 1047 cum
1023 991 1278 1057 Josaphat
1305 995 1599 1060 accepisset
1626 1035 1641 1060 ,
1672 1011 1895 1064 qumque

325 1091 376 1142 in
409 1102 469 1141 ea
497 1085 905 1140 continebantur
937 1083 1163 1150 legendo
1194 1083 1355 1154 325
1382 1094 1716 1152 peragrasset
1747 1127 1762 1151 ,
1797 1101 1891 1139 vo-

321 1179 521 1247 luptate
551 1175 705 1228 simul
733 1183 788 1228 et
813 1173 1166 1226 admiratione
1199 1173 1405 1225 animus
1436 1175 1600 1241 ipsius
1646 1176 1895 1242 impletus

322 1280 422 1324 est.
451 1271 625 1336 Atque
655 1266 707 1319 in
741 1265 1041 1318 cubiculum
1092 1278 1247 1317 suum
1290 1263 1570 1317 confestim
1602 1265 1896 1335 ingressus,

321 1366 507 1412 etante
525 1355 855 1409 Dmninicam
881 1352 1106 1420 effigiem
1139 1351 1192 1404 in
1222 1352 1406 1405 faciem
1431 1353 1670 1422 abjectus
1700 1362 1894 1408 terram

319 1449 567 1515 lacrymis
593 1445 961 1515 perfundebat,
982 1442 1136 1496 simul
1166 1451 1219 1496 et
1252 1443 1473 1497 Domino
1489 1447 1685 1514 gratias
1698 1462 1883 1516 agens,

319 1549 368 1591 et
395 1538 460 1591 ad
493 1538 660 1605 ipsius
693 1533 1054 1587 laudationem
1082 1532 1454 1588 exsultationis
1479 1533 1615 1588 labia
1644 1550 1887 1599 movens,

320 1630 508 1697 bisque
535 1627 713 1680 verbis
739 1635 893 1678 utens
922 1641 933 1674 :

391 1717 650 1772 Exaltabo
675 1725 747 1780 te,
771 1716 911 1769 Deus
931 1728 1080 1767 meus
1106 1713 1238 1778 Rex,
1264 1723 1317 1768 et
1342 1713 1648 1768 benedicam
1682 1717 1880 1769 nomini

1997 547 2329 586 SIECHIOl'lIm.
2357 553 2391 586 Α
2405 552 2521 590 men
2534 577 2544 587 .

2067 623 2198 675 Cum
2232 628 2294 677 ad
2341 628 2478 678 hunc
2508 628 2719 678 modum
2743 637 2966 691 orasset,
3005 639 3164 697 atque
3199 632 3297 683 hoc
3320 634 3418 686 sibi
3446 651 3566 702 per-

1995 717 2270 779 suasisset,
2296 731 2351 767 se
2381 718 2481 768 Voti
2505 718 2586 768 sui
2611 727 2908 784 compotem
2943 717 3201 782 futurum,
3236 718 3437 776 Christi
3466 727 3565 777 mi-

1995 805 2280 856 sericordia
2304 803 2490 869 fretus,
2534 805 2678 859 illinc
2711 823 2830 860 cum
2861 810 3006 876 regio
3034 812 3282 863 satellitio
3311 818 3559 881 excessit,

1994 901 2150 959 atque
2196 895 2259 946 ad
2309 899 2466 960 patris
2513 898 2764 965 palatium
2801 913 2921 953 sese
2971 903 3218 955 contulit.
3275 903 3340 958 Ut
3388 916 3566 962 autem

1999 993 2146 1048 pater
2173 981 2239 1035 de
2269 985 2358 1036 lilii
2404 986 2629 1040 adventu
2677 991 2871 1041 certior
2920 990 3085 1044 factus
3132 1001 3232 1057 est,
3267 995 3444 1048 statim
3471 997 3568 1051 ob-

1997 1071 2134 1122 viam
2165 1072 2210 1124 ei
2244 1073 2438 1140 prodit,
2472 1085 2630 1142 atque
2661 1076 2830 1144 ipsum
2859 1081 3230 1148 complectitur
3259 1093 3310 1137 et
3342 1100 3561 1140 exoscu-

1997 1156 2154 1222 latur,
2191 1159 2362 1228 deque
2393 1163 2558 1229 ipsius
2587 1165 2812 1218 adventu
2847 1170 3072 1222 maxima
3104 1174 3373 1240 voluptate
3401 1176 3569 1228 affici-

1998 1258 2102 1311 tur,
2138 1250 2511 1320 publicumque
2543 1269 2604 1307 ac
2631 1255 2866 1309 solemne
2896 1259 3084 1311 festum
3128 1262 3383 1318 celebrat.
3429 1266 3565 1330 Quid

1997 1346 2172 1390 autem
2206 1342 2423 1407 postea?
2452 1343 2691 1397 Remotis
2719 1345 2957 1410 arbitris,
3004 1363 3109 1401 una
3155 1351 3452 1405 consident.
3500 1354 3568 1409 Et

1996 1429 2115 1495 quis
2143 1430 2352 1482 tandem
2385 1447 2475 1485 eos
2504 1448 2799 1499 sermones,
2832 1452 2964 1505 quos
2990 1447 3096 1491 tum
3129 1430 3265 1493 filius
3292 1441 3357 1494 ad
3387 1457 3565 1511 regem

1998 1518 2201 1580 habuit,
2232 1528 2285 1573 et
2312 1529 2504 1588 quanta
2551 1539 2671 1577 cum
2713 1525 2974 1593 sapientia
3021 1527 3293 1596 disseruit,
3322 1531 3424 1585 ulla
3455 1547 3568 1586 ora-

1999 1609 2140 1661 tione
2163 1625 2277 1663 com
2289 1612 2441 1678 plecti
2465 1615 2661 1680 queat?

2071 1700 2204 1765 Quid
2242 1705 2380 1755 enim
2413 1705 2548 1756 aliud
2584 1707 2921 1775 loquebatur,
2956 1724 3111 1778 quam
3143 1727 3260 1780 qua:
3297 1713 3393 1782 ipsi
3436 1717 3570 1770 adi-

319 1818 410 1862 tuo
445 1809 496 1861 in
527 1806 801 1870 sarculum,
835 1814 886 1858 et
918 1803 972 1856 in
1013 1803 1265 1857 saeculum
1315 1804 1516 1856 saaculi.
1548 1804 1766 1871 Magnus
1814 1821 1891 1866 es,

2002 1792 2122 1845 vino
2155 1794 2378 1860 Spiritu,
2416 1813 2508 1864 per
2555 1814 2710 1866 quem
2755 1813 3041 1868 piscatores
3079 1820 3382 1861 universum
3414 1824 3567 1862 mim-

319 1899 567 1963 Domine,
593 1905 647 1950 et
674 1894 950 1950 laudabilis
972 1894 1146 1958 valde,
1175 1903 1226 1947 et
1258 1895 1635 1963 magnitudinis
1660 1905 1763 1948 tua:
1789 1910 1894 1948 non

319 2001 400 2044 cst
430 1990 552 2043 finis
598 1987 997 2056 (Psal.cxuv).
1057 1986 1122 2038 Et
1179 1984 1300 2053 quis
1345 1983 1591 2053 loquetur
1633 1986 1896 2053 potentias

320 2088 441 2131 tuas
467 2117 483 2144 ,
523 2077 729 2130 auditas
768 2079 924 2129 faciet
963 2087 1147 2127 omnes
1181 2074 1363 2127 laudes
1402 2082 1520 2126 tuas
1565 2072 1734 2144 (Psal.
1769 2073 1896 2142 ev)?

323 2171 422 2238 Qui
444 2169 756 2224 convertisti
788 2181 988 2235 petram
1020 2169 1071 2220 in
1093 2178 1278 2235 Stagna
1302 2179 1585 2234 aquarum,
1611 2173 1666 2216 et
1711 2179 1895 2233 rupem

322 2261 372 2313 in
402 2260 576 2314 fontes
597 2270 848 2327 aquarum
879 2257 1052 2322 (Psal.
1085 2257 1260 2326 CXIII).
1287 2257 1363 2310 En
1388 2256 1528 2311 enim
1551 2254 1710 2308 etiam
1739 2271 1898 2324 rupes

321 2347 458 2412 lucc,
491 2363 554 2402 ac
579 2364 709 2415 rupe
733 2348 913 2400 durius
945 2347 1108 2414 patris
1134 2347 1236 2400 mei
1267 2357 1468 2414 pectus,
1505 2354 1592 2399 tua
1623 2345 1899 2400 voluntate

321 2453 456 2490 certe
488 2439 658 2490 instar
683 2437 972 2491 emollitum
998 2446 1098 2490 est.
1127 2437 1282 2490 Potes
1308 2437 1449 2488 enim
1481 2437 1642 2488 etiam
1665 2449 1727 2487 ex
1761 2433 1895 2501 lapi-

321 2528 475 2580 dibus
497 2529 732 2581 excitare
755 2527 894 2580 filios
923 2527 1154 2580 Abrahae
1176 2527 1390 2594 (Matth.
1426 2525 1530 2593 ιιι).
1557 2527 1767 2579 Gratias
1799 2525 1895 2578 tibi

320 2632 440 2686 ago,
467 2617 695 2685 benigne
718 2616 938 2669 Domine
959 2629 1022 2668 ac
1047 2617 1183 2669 Deus
1213 2615 1612 2682 misericordiae,
1644 2615 1896 2683 quoniam

324 2706 376 2759 in
409 2706 638 2775 peccatis
670 2706 866 2758 nostris
900 2705 1119 2758 lenitate
1149 2720 1278 2758 usus
1303 2719 1383 2768 es,
1416 2714 1576 2772 atque
1605 2705 1896 2758 etiamnum

322 2801 507 2861 uteris,
540 2807 593 2852 et
617 2801 678 2852 ad
712 2798 850 2850 hunc
875 2812 1040 2864 usque
1069 2797 1208 2850 diem
1239 2797 1525 2864 impunitos
1550 2811 1646 2849 nos
1681 2797 1895 2864 reliqui-

321 2894 383 2944 sti
420 2890 630 2958 (Basil,,
683 2892 772 2942 li'i.
821 2890 997 2943 Const.
1031 2905 1075 2940 c.
1105 2889 1183 2959 ιι).
1217 2888 1346 2942 Nam
1399 2903 1494 2942 nos
1530 2888 1740 2955 quidem
1785 2887 1892 2954 jam

322 2983 524 3050 pridem
564 2996 590 3034 a
626 2993 710 3034 tua
743 2980 878 3033 facie
917 2981 1076 3048 abjici
1107 2980 1462 3042 merebamur,
1507 2987 1667 3047 atque
1712 2979 1764 3031 iu
1797 2981 1895 3031 bac

322 3075 424 3125 vita
467 3071 675 3140 publica
706 3069 920 3124 infamia
954 3069 1144 3133 notari,
1171 3069 1618 3138 quemadmodum
1651 3070 1892 3122 scelerati

1999 1883 2122 1935 dum
2156 1886 2368 1940 Christo
2402 1890 2722 1952 irretieruut,
2769 1901 2824 1945 et
2853 1895 3147 1948 litterarum
3179 1908 3425 1963 expertes
3448 1915 3568 1955 eru—

2000 1975 2124 2028 ditis
2152 1977 2280 2029 viris
2305 1981 2544 2033 doctrina
2590 1982 2968 2049 prarStiterunt,
3014 1985 3437 2043 instillabantur?
3468 1989 3570 2045 Per

1998 2068 2116 2134 eius
2140 2069 2362 2136 gratiam
2397 2074 2505 2138 ipse
2541 2087 2752 2141 quoque
2792 2076 3030 2128 eruditus
3059 2086 3114 2130 et
3141 2078 3454 2145 instructus,
3501 2084 3570 2137 ad

2002 2174 2182 2227 regem
2209 2163 2366 2214 verba
2391 2162 2639 2229 fat-iebat,
2665 2165 2899 2218 scientiae
2929 2167 3045 2220 luce
3075 2184 3194 2222 eum
3226 2172 3567 2226 colluStrans.

2001 2250 2077 2300 Ac
2127 2252 2274 2317 prius
2325 2253 2565 2318 quidem,
2622 2270 2740 2307 cum
2776 2265 2830 2308 ut
2877 2266 3079 2325 patrem
3133 2275 3160 2312 a
3200 2265 3572 2330 superstitioso

2000 2351 2181 2391 errore
2207 2341 2562 2409 abstraheret,
2595 2344 2686 2396 diu
2720 2347 3048 2414 multumque
3092 2349 3407 2419 laborasset,
3439 2354 3568 2408 nihil

2001 2444 2104 2481 non
2148 2431 2329 2484 dicens
2358 2440 2450 2486 aut
2491 2434 2709 2501 faciens,
2763 2453 2865 2500 quo
2919 2441 3080 2507 ipsius
3130 2447 3360 2495 animum
3405 2446 3468 2497 ad
3512 2460 3570 2498 se

2001 2521 2258 2584 alliceret,
2289 2520 2484 2576 frustra
2515 2533 2688 2578 tamen
2727 2541 2919 2581 canere
2950 2544 3011 2583 ac
3049 2530 3210 2583 surdo
3249 2531 3393 2601 loqui
3426 2534 3570 2588 vide-

1999 2610 2172 2664 batur.
2201 2613 2270 2664 Λι
2303 2629 2422 2666 cum
2455 2613 2710 2670 Dominus
2750 2618 3090 2674 afflictionem
3121 2623 3260 2675 servi
3304 2627 3385 2678 sui
3419 2624 3573 2679 Josa-

2001 2701 2126 2768 [-llal
2150 2704 2405 2770 inSpexit,
2437 2717 2619 2776 atque,
2645 2711 2908 2764 exauditis
2932 2711 3099 2780 ipsius
3129 2714 3396 2783 precibus,
3423 2718 3571 2771 clau-

1998 2805 2084 2843 sas
2114 2795 2282 2858 patris
2317 2795 2478 2862 ipsius
2505 2799 2696 2863 januas
2727 2799 2974 2867 patefecit
3020 2804 3368 2872 (voluntatem
3402 2807 3570 2872 enim,

2001 2881 2163 2948 inquit
2197 2883 2283 2935 ille
2314 2881 2486 2954 [Psal.
2511 2885 2710 2958 cxuv],
2756 2891 3053 2944 timentium
3083 2907 3142 2946 se
3171 2875 3358 2960 faciet,
3388 2905 3441 2949 et
3477 2898 3570 2951 de-

2001 2976 2364 3040 precationem
2397 2993 2579 3030 corum
2632 2984 2925 3052 exaudiet),
2961 2993 3069 3037 tum
3113 2985 3339 3052 denique
3369 3003 3459 3041 rex
3508 3005 3570 3044 ra

2001 3078 2116 3128 qua:
2144 3065 2454 3120 dicebantur
2481 3065 2637 3121 facile
2664 3071 3011 3141 intelligebat,
3041 3075 3174 3128 adeo
3205 3085 3278 3141 ut,
3310 3088 3569 3144 opportu-

321 3164 395 3218 iui
424 3163 794 3231 Pentapolilm,
826 3164 913 3232 qui
950 3164 1052 3229 igni
1100 3177 1161 3216 ac
1210 3162 1467 3230 sulphure
1496 3161 1892 3229 conflagrarunt
1920 3153 1965 3214 C
1999 3168 2123 3206 num
2159 3163 2367 3224 tempus
2395 3168 2576 3211 nactus
2611 3159 2750 3212 filius
2776 3176 2870 3228 per
2901 3160 3093 3216 Christi
3123 3167 3346 3234 gratiam
3373 3168 3568 3222 adver-

322 3255 472 3324 (Gen.
495 3256 628 3326 xix).
656 3258 722 3309 At
761 3257 1018 3324 patientia
1051 3265 1106 3308 et
1131 3253 1560 3320 incomparabilis
1588 3252 1774 3307 lenitas
1807 3262 1892 3306 tua

319 3347 548 3415 benigne
578 3347 854 3399 nobiscum
892 3345 1017 3413 egit.
1047 3344 1258 3400 Gratias
1286 3343 1380 3397 tibi
1405 3358 1503 3411 ago
1529 3344 1775 3411 indignus
1796 3360 1896 3412 ego

321 3451 380 3490 ac
411 3435 767 3502 deSpicabilis,
810 3435 1018 3488 etiamsi
1048 3436 1356 3504 benignitati
1387 3447 1490 3487 tua:
1532 3434 1804 3488 laudanda:
1835 3449 1896 3488 ac

321 3525 650 3579 celebranda:
682 3529 849 3592 impar
876 3540 1013 3576 sum.
1046 3526 1119 3575 Ac
1152 3532 1224 3585 te,
1259 3523 1479 3577 Domine
1502 3523 1628 3576 Jesu
1655 3521 1890 3588 ChriSte,

321 3614 600 3667 invisibilis
644 3613 817 3666 Patris
859 3613 955 3666 Fili
1001 3628 1062 3665 ac
1087 3610 1341 3675 Verbum,
1381 3613 1468 3682 qui
1507 3614 1683 3666 omnia
1733 3613 1895 3667 verbo

320 3705 638 3772 produxisti,
690 3719 752 3758 ac
782 3707 1054 3758 voluntate
1097 3712 1182 3756 tua
1225 3704 1467 3757 contines
1497 3713 1552 3758 et
1592 3705 1775 3770 tueris,
1806 3708 1892 3773 qui

324 3797 378 3849 in
407 3797 549 3863 ligno
567 3807 821 3850 extensus
847 3810 926 3860 es,
966 3809 1030 3849 ac
1058 3794 1247 3849 fortem
1275 3795 1488 3849 vinxisti
1520 3794 1731 3865 (Matth.
1769 3796 1890 3866 xu),

321 3885 498 3951 iisque
521 3885 610 3953 qui
639 3885 704 3938 ab
736 3899 802 3938 eo
845 3883 1005 3939 vincti
1037 3885 1380 3951 tenebantur,
1407 3886 1788 3952 sempiternam
1832 3885 1896 3938 li-

319 3975 580 4030 bertatem
625 3976 880 4040 attulisti;
918 3987 968 4030 te
998 3976 1212 4046 inquam
1241 3992 1336 4045 per
1375 3979 1745 4033 miserationes
1777 3989 1894 4032 tuas

319 4065 578 4127 obtestor,
615 4075 673 4118 ut
695 4081 836 4119 nunc
864 4079 1077 4134 quoque
1116 4066 1434 4120 invisibilem
1461 4077 1515 4120 et
1543 4069 1779 4122 omnium
1812 4083 1896 4121 rc-

317 4171 436 4210 rum
483 4156 804 4210 effectricem
857 4172 1070 4210 manum
1103 4165 1242 4211 tuam
1274 4158 1551 4224 extendas,
1584 4174 1645 4213 ac
1679 4173 1891 4213 servum

316 4255 467 4302 tuum
500 4257 556 4302 et
594 4259 796 4316 patrem
826 4263 1001 4302 meum
1033 4263 1099 4303 ex
1126 4249 1274 4318 gravi
1317 4250 1404 4302 illa
1442 4248 1636 4303 diaboli
1667 4250 1893 4318 captivi-

318 4345 428 4392 tate
459 4353 685 4407 prorsus
736 4339 952 4403 liberes,
999 4349 1156 4406 teque
1195 4338 1516 4406 sempiterna
1562 4340 1668 4392 vita
1701 4340 1892 4407 pr:rdi-

325 4437 456 4491 tum,
501 4437 555 4482 et
578 4443 761 4482 verum
795 4429 960 4483 Deum
991 4444 1054 4482 ac
1075 4430 1246 4483 solum
1275 4430 1629 4484 immortalem
1661 4439 1715 4484 et
1739 4443 1895 4485 arter-

2000 3259 2091 3297 sus
2118 3246 2387 3313 improbos
2409 3249 2627 3316 Spiritus
2653 3252 2740 3320 qui
2766 3253 2927 3319 patris
2956 3256 3132 3307 animo
3157 3256 3566 3312 dominabantur

2001 3336 2281 3390 victoiiam
2342 3331 2744 3408 adipisceretur,
2793 3342 3074 3414 ipsumque
3124 3347 3336 3400 illorum
3385 3363 3566 3402 errore

1999 3440 2158 3496 atque
2181 3429 2474 3499 impostura
2507 3433 2652 3486 omni
2675 3450 2737 3489 ex
2769 3447 2918 3504 parte
2951 3438 3221 3504 liberaret,
3251 3441 3563 3494 salutarem-

1999 3535 2102 3588 que
2132 3521 2425 3575 doetrinam
2459 3526 2741 3592 perspicue
2773 3525 2870 3594 ipsi
2899 3529 3155 3599 traderet,
3184 3544 3245 3583 ac
3273 3531 3474 3584 caelesti
3516 3543 3568 3584 et

2001 3612 2120 3665 vivo
2151 3612 2259 3666 Deo
2289 3613 2458 3681 ipsum
2489 3614 2816 3668 cenciliaret.

2073 3701 2342 3769 Principio
2369 3702 2510 3756 enim
2539 3704 2697 3758 altius
2736 3721 2981 3767 exorsus,
3023 3707 3122 3774 ipsi
3148 3721 3365 3776 magnas
3390 3718 3443 3762 et
3471 3712 3564 3761 al-

1999 3793 2272 3847 mirandas
2304 3811 2388 3847 res
2412 3811 2544 3863 quas
2575 3799 2720 3863 prius
2747 3812 2843 3850 nec
2870 3798 3230 3861 intellexerat,
3263 3813 3359 3852 nec
3391 3808 3568 3853 comis

1996 3887 2214 3938 auribus
2268 3898 2597 3954 lerceperat,
2639 3888 2988 3941 annuntiavit.
3022 3888 3230 3941 Etenim
3262 3888 3468 3958 longam
3503 3895 3566 3943 ad

1998 3995 2118 4030 eum
2152 3979 2220 4032 de
2268 3979 2375 4032 Deo
2403 3981 2696 4033 orationem
2733 3981 2938 4048 habuit,
2974 3981 3220 4049 piamque
3267 3981 3567 4037 doctrinam

1999 4069 2098 4136 ipsi
2151 4070 2384 4122 ostendit
2427 4071 2665 4140 (nempe,
2707 4072 2844 4138 quod
2885 4088 2987 4124 non
3016 4073 3080 4124 sit
3115 4072 3248 4125 alius
3277 4072 3408 4127 deus
3456 4087 3570 4126 sur-

1996 4173 2138 4224 sum,
2171 4169 2368 4227 praater
2399 4175 2558 4212 unum
2611 4160 2797 4223 Deum,
2831 4165 2919 4228 qui
2951 4161 3004 4214 in
3052 4163 3205 4214 l’atre
3248 4170 3301 4215 et
3347 4160 3478 4215 Filio
3509 4176 3571 4214 ae

1997 4247 2200 4315 Spiritu
2235 4257 2422 4301 sancto
2453 4248 2804 4318 agnoscitur),
2837 4263 2898 4302 ac
2927 4250 3090 4302 multa
3134 4249 3261 4303 item
3290 4249 3570 4321 theologia:

1995 4355 2188 4392 arcana
2219 4340 2318 4407 ipsi
2349 4341 2576 4407 aperuit.
2620 4340 2914 4410 Posteaque
2944 4343 3102 4394 etiam
3144 4357 3204 4396 ea
3235 4357 3353 4410 qu:e
3377 4341 3443 4395 ad
3486 4357 3571 4395 re-

1996 4445 2126 4506 rum,
2155 4431 2488 4484 conditarum
2539 4441 2644 4484 tam
2677 4431 3024 4485 invisibilium
3071 4447 3226 4499 quam
3278 4431 3568 4484 visibilium

315 4535 440 4574 num
477 4521 674 4590 Regem
707 4537 826 4576 esse
867 4522 1200 4590 apertissime
1228 4523 1324 4590 ipsi
1373 4522 1646 4577 ostendas.
1675 4521 1892 4576 Contria
1922 4524 1974 4582 D
2001 4523 2421 4590 procreationem
2479 4524 2772 4575 attinebant
2816 4522 3068 4589 exposuit
3106 4539 3116 4573 :
3165 4521 3414 4574 nimirum
3463 4535 3568 4589 quo

317 4613 514 4667 tionem
555 4627 738 4680 quaeso
774 4613 936 4666 animi
984 4615 1084 4666 mei
1128 4614 1356 4682 pr0pitio
1386 4627 1448 4666 ac
1489 4614 1695 4680 placido
1737 4617 1894 4668 oculo

317 4703 517 4770 aspice,
558 4718 622 4757 ac
653 4718 749 4772 pro
777 4717 835 4757 ea
864 4713 948 4756 tua
981 4704 1381 4772 pollicitatione,
1407 4706 1634 4773 inquam
1673 4707 1892 4759 menda-

317 4795 458 4847 cium
489 4809 596 4848 non
645 4796 808 4859 cadit,
860 4809 888 4847 a
921 4799 1054 4847 meis
1085 4796 1322 4861 partibus
1352 4802 1455 4859 sta,
1493 4799 1578 4863 qui
1627 4808 1676 4849 te
1715 4811 1892 4849 rerum

317 4887 552 4940 omnium
605 4887 932 4954 effectorem,
983 4889 1337 4950 conditorem,
1391 4898 1444 4942 et
1484 4889 1893 4960 gubernatorem

319 4977 580 5031 confiteor
616 4988 670 5031 et
700 4993 952 5045 agnosco.
987 4977 1143 5031 Fluat
1187 4979 1238 5031 iu
1285 4993 1370 5032 me
1400 4979 1594 5031 saliens
1640 4993 1772 5046 aqua
1808 4988 1893 5030 tua

318 5071 502 5141 (Joan.
547 5074 649 5134 ιν),
692 5073 954 5140 deturque
999 5073 1126 5126 mibi
1162 5087 1341 5126 sermo
1391 5069 1442 5124 in
1475 5071 1749 5136 apertione
1789 5073 1897 5122 oris

320 5161 532 5231 (Ephex.
562 5165 658 5230 vr),
685 5176 745 5212 ac
786 5176 936 5214 mens
967 5163 1016 5215 in
1050 5172 1100 5214 te
1143 5160 1379 5226 angulari
1423 5159 1594 5226 lapide
1629 5167 1773 5211 recte
1805 5158 1896 5210 de-

316 5252 446 5320 llxa,
468 5262 526 5306 ut
546 5267 667 5322 ego,
692 5254 894 5306 inutilis
914 5269 1097 5305 servus
1117 5264 1258 5312 tuus,
1280 5250 1413 5318 patri
1439 5265 1556 5302 meo
1580 5250 1900 5302 incarnatio-

318 5343 402 5396 nis
441 5353 542 5396 tua:
575 5345 910 5412 mysterium,
960 5345 1031 5394 uti
1069 5356 1164 5410 par
1200 5350 1303 5404 est,
1332 5353 1640 5406 ,exponere,
1682 5349 1840 5406 atque
1866 5355 1897 5393 a

316 5449 456 5488 vano
486 5436 862 5504 pestiferorum
910 5435 1209 5488 dmmonum
1240 5446 1425 5486 errore
1465 5447 1559 5499 per
1604 5433 1894 5499 potentiam

318 5536 467 5579 tuam
508 5527 682 5594 ipsum
711 5526 996 5588 abducere,
1048 5525 1248 5592 tibique
1279 5523 1391 5576 Deo
1421 5537 1484 5575 ac
1525 5521 1770 5586 Domino,
1803 5522 1896 5588 qui

318 5631 426 5671 nou
450 5617 531 5671 vis
563 5625 788 5670 mortem
823 5625 1184 5686 peccatorum,
1219 5615 1313 5666 sed
1361 5625 1544 5667 eorum
1577 5611 1894 5679 resipiscen-

319 5705 445 5760 tiam
477 5719 541 5761 ac
565 5706 929 5775 paenitentiam
960 5714 1238 5775 exspectas
1269 5702 1483 5775 (Ezech.
1509 5701 1687 5770 xvm),
1715 5704 1902 5756 concia

2002 4626 2156 4686 pacto
2215 4631 2454 4670 summus
2506 4616 2594 4670 ille
2645 4628 2836 4682 parens
2890 4622 2944 4669 et
2971 4614 3132 4683 326
3178 4611 3352 4681 opifex
3408 4611 3568 4666 rebus

2001 4708 2249 4760 omnibus
2276 4721 2340 4760 ex
2378 4705 2541 4758 nihilo
2571 4705 2861 4774 productis,
2893 4705 3160 4758 hominem
3191 4702 3256 4756 ad
3287 4701 3567 4771 imaginem

2001 4811 2054 4853 et
2089 4799 2491 4852 similitudinem
2539 4812 2691 4850 suam
2724 4796 3014 4859 effinxerit,
3058 4795 3334 4862 ipsumque
3363 4792 3568 4847 arbitrii

2005 4888 2251 4942 libertate
2296 4887 2573 4950 donatum,
2622 4901 2805 4940 eorum
2844 4901 2962 4955 quae
2990 4885 3041 4938 in
3075 4883 3322 4952 paradiso
3350 4882 3567 4952 pulchra

2004 4987 2155 5033 erant
2185 4977 2394 5046 particil
2415 4992 2499 5031 em
2529 4975 2739 5042 fecerit,
2765 4979 2921 5030 unius
2953 4985 3149 5029 tantum
3183 4975 3388 5029 arboris
3413 4987 3568 5044 gustu

2002 5067 2100 5135 ipsi
2148 5068 2455 5131 interdicto,
2496 5065 2598 5120 hoc
2639 5075 2720 5120 est
2762 5067 2884 5134 ligni
2913 5063 3171 5118 scientiae.
3211 5064 3327 5131 Quo
3355 5065 3562 5134 quidetr

2001 5161 2248 5213 mamlan
2278 5159 2492 5223 violato,
2518 5173 2637 5210 cum
2661 5172 2691 5211 e
2725 5157 2971 5223 paradiso
3000 5155 3389 5209 exterminavit.
3417 5155 3568 5211 Unde

2000 5265 2050 5306 et
2083 5253 2218 5321 ipse,
2251 5259 2304 5305 et
2333 5266 2484 5316 uxor,
2524 5264 2586 5303 ea
2617 5263 2770 5317 quam
2795 5263 2916 5301 cum
2957 5263 3020 5301 eo
3053 5246 3317 5300 habebant
3347 5248 3569 5314 conjun-

2001 5349 2177 5402 ctione
2201 5347 2350 5413 lapsi,
2385 5347 2438 5398 in
2469 5345 2566 5398 bos
2619 5344 2815 5397 multos
2845 5357 3054 5396 errores
3086 5341 3404 5404 inciderunt,
3444 5356 3569 5408 pec-

1998 5449 2114 5492 cato
2145 5438 2394 5492 videlicet
2439 5437 2492 5489 iu
2544 5435 2852 5489 servitutem
2893 5433 3112 5496 addicti,
3161 5433 3425 5499 mortique
3475 5448 3570 5498 per

2000 5530 2191 5582 diaboli
2232 5528 2571 5600 tyrannidem
2611 5526 2826 5580 obnoxii
2857 5524 2972 5580 elfet
2993 5524 3052 5578 ti.
3085 5523 3185 5589 Qui
3225 5525 3440 5592 quidem
3475 5523 3568 5574 ho-

1999 5618 2228 5672 minibus
2283 5619 2446 5674 semel
2492 5619 2544 5672 in
2594 5624 2908 5687 potestatem
2957 5629 3106 5668 suam
3161 5613 3414 5674 redactis,
3466 5610 3567 5663 hoc

1999 5709 2125 5778 egit,
2160 5718 2213 5763 ut
2241 5709 2329 5764 Dei
2353 5725 2414 5765 ac
2437 5710 2644 5764 Domini
2676 5709 2941 5765 oblivione
2973 5720 3188 5775 prorsus
3220 5709 3560 5771 caperentur,
