4010 6294
378 407 483 465 595

1406 391 1491 448 DE
1531 388 1710 445 VITIS
1747 382 2031 443 PATRUM
2077 380 2275 435 LIBER
2318 378 2588 435 PRIMUS.

3533 373 3646 428 εἰδιὶ

379 520 617 591 ipsisque
666 512 930 584 persuasit
987 518 1043 563 ut
1098 522 1192 578 per
1244 505 1634 562 exsecrandam
1691 500 1955 555 idolorum
1989 495 2036 552 Α
2065 494 2355 547 exstruxit.
2390 490 2498 546 Nec
2527 507 2652 591 vero
2682 492 2731 544 in
2766 488 2894 543 urbe
2924 488 3225 591 duntaxat,
3257 487 3347 591 sed
3380 486 3551 591 etiam.
3587 489 3647 541 in

384 610 748 667 adorationem
777 607 877 661 sibi
901 604 1098 657 cultum
1129 600 1463 654 adhiberent.

454 703 523 756 At
551 715 679 753 vero
710 699 845 750 Deus
866 704 1077 749 creator
1107 700 1310 753 noster,
1342 686 1689 742 miseratione
1717 693 1960 735 commo-

387 800 504 857 tus,
554 787 785 857 benigna
845 785 1014 838 Patris
1067 781 1337 833 voluntate
1386 792 1450 831 ac
1502 776 1734 843 Spiritus
1791 769 1960 824 sancti

388 880 639 949 adjuncta
686 892 868 946 opera,
902 891 965 929 ex
999 874 1215 940 Virgine
1260 880 1442 924 sancta
1488 870 1656 921 nostri
1709 867 1878 918 instar
1909 862 1961 916 in

389 972 560 1024 lucem
585 967 670 1023 edi
707 966 912 1028 voluit;
946 978 1173 1030 cumque
1199 961 1434 1014 cruciatu
1458 958 1677 1010 affectus
1710 954 1889 1007 fuisset
1924 955 1966 1005 is

390 1063 478 1129 qui
506 1073 535 1112 a
564 1055 908 1125 perpessione
939 1055 1187 1106 immunis
1217 1059 1355 1117 erat,
1390 1047 1563 1101 triduo
1596 1056 1765 1114 posta
1796 1053 1967 1096 morte

394 1149 457 1200 ad
483 1149 642 1201 vitam
677 1144 960 1207 excitatus,
992 1156 1087 1193 nos
1118 1155 1147 1192 a
1177 1141 1335 1205 priori
1367 1140 1527 1189 multa
1561 1144 1608 1189 et
1642 1132 1969 1187 condemna-

399 1240 541 1293 tione
589 1236 851 1297 liberavit,
906 1230 1367 1301 prmsmntiorique
1412 1227 1576 1296 gloria
1607 1225 1843 1279 donavit.
1885 1224 1971 1279 Si-

397 1327 614 1396 quidem
657 1326 707 1377 in
762 1324 955 1377 cretum
1012 1319 1329 1381 ascendens,
1381 1318 1536 1370 simul
1574 1329 1673 1369 nos
1716 1329 1782 1368 eo
1832 1315 1971 1368 unde

395 1416 763 1481 descenderat,
796 1414 995 1467 evexit.
1048 1412 1213 1477 Quem
1258 1413 1417 1463 etiam
1470 1420 1656 1460 rursus
1684 1413 1968 1467 venturum

396 1509 692 1571 credimus,
741 1516 798 1559 ut
840 1506 1145 1574 ﬁgmentum
1194 1518 1347 1555 suum
1398 1501 1463 1554 ad
1516 1500 1675 1551 vitam
1727 1506 1973 1565 revocet,

398 1596 854 1669 atqneunicuique
872 1594 1161 1649 secundum
1189 1593 1352 1661 ipsius
1374 1608 1534 1661 opera
1560 1592 1765 1646 reddat.
1782 1591 1973 1645 Postea

405 1694 471 1748 de
506 1692 594 1745 illo
623 1691 882 1745 cmlorum
927 1703 1113 1757 regno,
1150 1687 1290 1756 quod
1337 1702 1430 1740 eos
1458 1686 1545 1755 qui
1577 1687 1626 1738 id
1661 1698 1973 1753 promeren-

406 1794 492 1838 tur
519 1792 720 1846 manet,
754 1784 915 1834 verba
949 1780 1092 1845 fecit,
1127 1787 1285 1845 atque
1323 1791 1515 1832 arcana
1546 1777 1631 1828 illa
1678 1775 1838 1838 bona,
1893 1787 1977 1825 re-

2068 594 2174 638 tota
2215 586 2433 654 regione
2463 584 2703 636 eamdem
2729 596 2941 649 operam
2970 581 3155 635 sedulo
3198 578 3481 632 navabant.
3516 579 3650 633 l‘ci-

2066 678 2202 728 versi
2224 664 2400 728 autem
2423 674 2665 742 spiritus,
2694 678 2779 741 qui
2806 672 2977 726 iuaris
3003 671 3331 726 domicilium
3354 671 3650 735 habebant,

2066 782 2183 819 cum
2213 767 2417 820 ululatu
2447 766 2799 834 pellebantur,
2827 765 3180 832 invictamque
3216 758 3507 818 Dei'nostri
3553 778 3632 832 po

2069 859 2286 911 tentiam
2335 857 2565 911 tremulo
2605 856 2841 911 clamore
2889 856 3242 919 testabantur,
3271 854 3555 922 omnisque
3584 854 3654 908 vi-

2069 955 2184 1005 cina
2218 950 2383 1016 regio,
2417 965 2479 1003 ac
2510 950 2688 1004 multa:
2715 950 2839 1003 item
2887 947 3123 1003 ﬁnitima:
3165 956 3353 1014 gentes
3394 946 3461 999 ad
3506 946 3651 1015 piam

2072 1041 2226 1092 tidem
2277 1054 2396 1094 sese
2440 1039 2806 1094 conferebant.
2834 1038 2966 1091 Tum
2997 1037 3174 1106 igitur,
3208 1051 3328 1090 cum
3377 1036 3651 1091 divinissic

2072 1145 2191 1184 mus
2223 1130 2310 1183 ille
2342 1129 2649 1198 episcopus,
2683 1129 2752 1184 de
2782 1144 2886 1196 quo
2915 1129 3157 1197 superius
3188 1129 3348 1183 verba
3384 1127 3610 1181 fecimus
3636 1165 3653 1191 ,

2072 1223 2411 1287 accessisset,
2456 1236 2549 1275 rex
2582 1222 2832 1275 Abenner
2861 1219 2981 1274 ﬁdei
3006 1218 3327 1275 Christianae
3368 1220 3654 1274 elementis

2074 1313 2362 1376 imbuitur,
2412 1326 2474 1366 ac
2512 1312 2692 1365 divino
2733 1312 2998 1381 baptismo
3045 1313 3097 1366 in
3146 1311 3362 1365 nomine
3396 1311 3569 1365 Patris
3599 1321 3656 1364 et

2076 1401 2194 1455 Filii
2229 1412 2277 1455 et
2326 1400 2558 1469 Spiritus
2602 1402 2801 1466 sancti,
2858 1402 3145 1469 perficitur.
3194 1404 3271 1457 Ac
3293 1402 3549 1472 Josaphat
3589 1419 3657 1459 ex

2075 1494 2255 1546 divina
2289 1494 2486 1560 piscina
2519 1495 2688 1561 ipsum
2714 1495 2930 1563 excipit,
2957 1510 3041 1548 res
3063 1510 3192 1549 sane
3216 1498 3455 1550 omnium
3480 1497 3653 1550 maxi-

2083 1601 2167 1637 me
2202 1598 2357 1637 nova.
2390 1585 2558 1637 Patris
2581 1584 2721 1637 enim
2754 1595 2903 1653 pater
2931 1586 3132 1649 exisrit,
3166 1594 3221 1639 et
3260 1588 3309 1640 ei
3348 1603 3375 1640 a
3407 1604 3511 1657 qtto
3537 1604 3651 1643 car-

2087 1677 2195 1729 nali
2221 1676 2379 1729 modo
2415 1677 2725 1745 progenitus
2747 1676 2914 1729 fuerat
2940 1677 3268 1744 spiritualem
3296 1681 3656 1747 regeneratio-

2086 1783 2204 1821 nem
2232 1768 2501 1821 conciliat.
2525 1766 2733 1820 Etcnim
2752 1766 2986 1821 caelestis
3010 1766 3179 1822 Patris
3200 1768 3484 1834 ﬁliuscrat,
3508 1770 3617 1824 divi
3634 1796 3656 1811 ο

403 1873 775 1939 conditamque
804 1870 929 1924 item
960 1868 1220 1935 improbis
1253 1880 1461 1936 poenam
1489 1867 1784 1935 proposuit,
1816 1864 1971 1917 nimi-
2008 1867 2049 1924 Β
2082 1872 2269 1925 naeque
2302 1858 2538 1925 profecto
2570 1856 2763 1910 radicis
2790 1856 3152 1912 divinissimus
3176 1858 3372 1914 fructus
3398 1878 3412 1926 ;
3435 1859 3651 1925 radicis,

404 1970 527 2020 run‘t
556 1964 728 2032 ignem
764 1974 1028 2027 nunquam
1059 1959 1528 2027 exstinguendum,
1557 1958 1854 2010 exteriores
1894 1962 1978 2008 te—

404 2056 621 2116 nebras,
664 2052 1017 2107 immortalem
1048 2066 1306 2115 vermem,
1353 2059 1654 2114 cmteraqne
1690 2057 1981 2101 tormento—

408 2160 524 2198 rum
556 2156 768 2211 genera,
802 2156 921 2209 quae
962 2139 1159 2207 peccati
1192 2140 1329 2191 servi
1363 2138 1461 2191 sibi
1507 2138 1634 2205 ipsis
1675 2137 1983 2190 recondide-

413 2244 554 2287 rnnt.
612 2233 734 2286 lltce
774 2230 951 2284 omnia
999 2244 1156 2298 quam
1216 2228 1461 2297 plurimis
1509 2227 1866 2287 sermonibus,
1921 2240 1985 2279 ac

409 2323 639 2392 Spiritus
683 2322 849 2376 sancti
888 2321 1111 2391 gratiam
1144 2320 1354 2373 abunde
1402 2320 1499 2388 ipsi
1534 2320 1713 2373 inesse
1742 2318 1986 2372 teStanti-

411 2417 530 2476 bus,
561 2422 897 2483 prosecutus,
932 2419 1041 2464 tum
1084 2410 1296 2464 demum
1330 2407 1817 2478 impervestigabile
1846 2406 1985 2459 divi-

412 2521 494 2559 nte
545 2504 880 2572 benignitatis
944 2502 1164 2571 pelagus
1216 2500 1516 2560 enarravit,
1576 2511 1839 2567 quamque
1896 2496 1985 2549 ille

411 2612 594 2650 eorum
638 2597 727 2665 qui
781 2595 844 2647 ad
905 2609 1024 2647 eum
1081 2607 1199 2646 sese
1255 2599 1573 2645 convertunt
1621 2588 1985 2657 ptenitentiam

416 2686 645 2739 libenter
676 2691 971 2752 exspectet,
1003 2684 1250 2751 quodque
1279 2681 1482 2734 nullum
1532 2681 1708 2734 scelus
1747 2680 1814 2735 sit
1844 2678 1987 2748 quod

415 2778 581 2844 ipsius
609 2775 1007 2829 misericordam
1031 2785 1266 2840 superet,
1298 2774 1341 2826 si
1366 2772 1577 2842 quidem
1608 2773 1673 2826 ad
1706 2772 1985 2825 meliorem

416 2867 619 2935 frugem
670 2867 847 2920 redire
897 2864 949 2918 in
1004 2865 1238 2918 animum
1279 2865 1616 2918 inducamus.
1662 2863 1813 2929 Quod
1868 2878 1986 2916 cum

418 2958 599 3013 multis
646 2958 904 3025 exemplis
934 2971 998 3011 ac
1045 2957 1334 3024 Scriptura:
1365 2955 1682 3010 testimoniis
1717 2955 1985 3009 declaras-

421 3057 523 3111 set,
554 3047 781 3101 orationi
813 3047 971 3101 ﬁnem
1005 3047 1273 3114 imposuit.

486 3138 613 3191 Car.
664 3136 967 3191 XXXV.—-
1000 3137 1110 3191 ltex
1154 3147 1328 3192 autem
1368 3137 1619 3190 divinitus
1652 3136 1840 3190 tradita
1886 3133 1987 3189 hac

2085 1952 2320 2017 inquam,
2356 1950 2408 2003 ill
2436 1966 2496 2002 us
2529 1965 2645 2015 quae,
2674 1951 2868 2003 clamat
2902 1967 2914 2002 :
2947 1950 3055 2017 Ego
3094 1965 3206 2004 sum
3245 1951 3383 2018 iiiis,
3414 1970 3503 2006 vos
3535 1953 3649 2021 pal-

2083 2043 2238 2093 mites
2263 2040 2439 2107 (Joan.
2478 2044 2582 2101 xv).

2158 2134 2234 2186 Ad
2264 2133 2401 2186 hunc
2425 2133 2637 2186 modum
2674 2148 2763 2186 rex
2798 2147 2890 2200 per
2919 2148 3106 2203 aquam
3138 2148 3199 2186 ac
3225 2133 3474 2202 Spiritum
3506 2149 3656 2202 rege-

2086 2236 2323 2293 neratus,
2369 2224 2629 2293 ejusmodi
2670 2225 2936 2293 voluptate
2975 2240 3093 2294 quae
3123 2226 3263 2279 nulla
3300 2225 3538 2279 Oratione
3565 2242 3665 2279 ex-

2088 2317 2271 2386 plicari
2309 2328 2479 2383 potest
2511 2315 2873 2381 afficiebatur;
2908 2316 3170 2386 simulque
3199 2316 3359 2370 etiam
3398 2331 3518 2370 cum
3548 2317 3666 2384 ipso

2086 2409 2334 2462 universa
2375 2408 2559 2475 civitas
2599 2423 2660 2461 ac
2700 2408 2921 2461 ﬁnitima
2959 2410 3105 2477 regio
3134 2409 3312 2462 divino
3351 2410 3665 2477 baptismate

2087 2501 2407 2565 donabatur,
2440 2501 2678 2569 lui-isque
2712 2500 2800 2554 ﬁlii
2832 2501 3127 2554 existebant
3154 2504 3238 2569 qui
3269 2502 3413 2569 prius
3436 2500 3487 2553 in
3520 2512 3665 2555 tene-

2087 2592 2200 2647 bris
2228 2593 2599 2645 versabantur.
2644 2595 2814 2659 Atque
2860 2592 3035 2644 omnis
3082 2591 3300 2645 morbus
3334 2600 3390 2646 et
3434 2591 3607 2645 omnis
3636 2608 3665 2645 a

2088 2683 2417 2737 daemonibus
2460 2683 2663 2736 invecta
2707 2682 2981 2736 calamitas
3018 2681 3202 2750 procul
3240 2681 3307 2736 ab
3354 2682 3417 2736 iis
3447 2681 3535 2750 qui
3567 2681 3668 2735 ﬁdo

2091 2773 2297 2843 praediti
2347 2772 2507 2844 327
2548 2782 2700 2826 erant
2753 2774 3162 2842 propellehatur,
3210 2788 3504 2841 omnesque
3555 2785 3666 2827 tum

2088 2864 2280 2919 animis
2306 2874 2413 2918 tum
2436 2865 2746 2932 corporibus
2768 2865 2955 2932 integri
2978 2873 3134 2932 atque
3162 2863 3460 2918 incolumes
3488 2876 3664 2918 erant.

2090 2956 2359 3024 Multaque
2389 2956 2514 3010 item
2539 2955 2639 3008 alia
2665 2957 2925 3009 miracula
2958 2956 3075 3009 fidei
3105 2955 3484 3009 conﬁrmanda:
3509 2970 3669 3009 causa

2088 3048 2403 3108 edebantur.
2433 3048 2675 3103 ecclesiae
2715 3048 2872 3102 etiam
2905 3048 3320 3111 aediﬁcabantur,
3354 3055 3407 3101 et
3433 3044 3669 3115 episcopi

2090 3143 2177 3212 qui
2215 3152 2359 3196 metu
2389 3140 2792 3205 delitescebant,
2823 3140 2872 3193 in
2903 3140 3073 3194 lucem
3108 3139 3410 3207 prodibant,
3442 3152 3671 3207 suasque

418 3226 671 3298 sapientia
712 3239 1087 3295 compunctus,
1120 3229 1317 3299 ingenti
1346 3243 1474 3281 voce
1505 3244 1571 3281 ac
1597 3225 1989 3282 ferventissimo
2016 3222 2063 3282 C
2094 3234 2350 3289 ecclesias
2370 3234 2690 3303 recipiebant
2709 3274 2721 3286 .
2756 3239 2827 3288 Ac
2848 3243 3106 3301 prteterea
3136 3234 3248 3295 alii,
3278 3242 3386 3285 tum
3407 3246 3470 3286 ex
3497 3245 3671 3285 sacer-

419 3324 601 3375 animo
654 3322 923 3375 Chrismm
972 3321 1302 3376 Salvatorem
1352 3321 1667 3385 confitetur,
1721 3333 1877 3389 atque
1922 3320 1989 3373 ab

422 3413 565 3465 omni
590 3413 961 3479 superstitioso
990 3427 1175 3466 errore
1202 3414 1441 3466 abscedit
1472 3430 1485 3464 :
1518 3411 1844 3481 vivificmque
1870 3427 1991 3466 cru-

421 3503 500 3557 cis
543 3501 751 3573 signum
797 3503 1215 3572 inspectantibus
1254 3504 1502 3557 omnibus
1542 3504 1748 3571 adorat,
1799 3514 1854 3558 et
1894 3520 1992 3557 au-

421 3594 691 3650 dientibus
739 3594 986 3648 omnibus
1019 3592 1184 3649 Deum
1230 3609 1413 3648 verum
1461 3609 1521 3647 ac
1569 3593 1849 3648 Dominum
1900 3611 1991 3648 no-

420 3698 589 3741 strum
620 3687 802 3742 Jesnm
848 3686 1114 3740 Christum
1148 3686 1424 3757 praedicat.
1459 3688 1631 3757 Atque
1670 3702 1997 3742 commemo-

420 3791 533 3832 rata
569 3780 731 3847 priori
779 3793 873 3832 sua
920 3777 1219 3848 impietate,
1269 3789 1323 3831 et
1374 3779 1629 3833 adversus
1661 3776 1997 3832 Cliri~tianos

422 3871 734 3924 crudelitate
783 3881 837 3924 et
885 3870 1217 3923 immanitate
1257 3868 1629 3930 condemnata,
1687 3870 1872 3940 ingens
1930 3870 1995 3923 ad

424 3960 672 4025 pietatem
737 3960 911 4027 portio
961 3956 1212 4013 efﬁcitur.
1269 3958 1627 4028 Exstabatque
1678 3960 1727 4013 id
1776 3960 1915 4027 quod
1967 3974 1996 4012 a

426 4050 590 4104 Paulo
632 4051 832 4104 dictum
867 4058 989 4103 est:
1024 4049 1124 4104 Ubi
1155 4049 1444 4104 abundavit
1486 4052 1755 4119 iniquitas,
1796 4053 1904 4105 illic
1946 4062 1999 4107 et

427 4142 882 4211 superabundavit
910 4143 1073 4211 gratia
1101 4142 1278 4213 (llam.
1310 4141 1388 4213 v).
1413 4143 1543 4198 Cnin
1588 4144 1749 4213 igitur
1782 4145 1999 4212 sapien-

430 4233 667 4288 tissimus
692 4231 950 4302 Josapliat
979 4234 1137 4286 etiam
1169 4234 1234 4287 ad
1264 4234 1341 4287 rei
1370 4235 1619 4288 militaris
1642 4235 1806 4289 duces
1835 4245 1889 4288 et
1914 4250 1992 4287 sa-

427 4333 629 4394 trapas,
661 4331 821 4393 atque
852 4324 916 4377 ad
948 4339 1163 4379 omnem
1193 4325 1421 4394 denique
1472 4327 1725 4395 populum
1775 4326 1840 4380 de
1891 4326 2000 4380 Deo

428 4427 586 4486 atque
603 4430 729 4486 erga
755 4415 924 4485 ipsum
951 4416 1146 4483 pietate
1169 4416 1331 4469 multa
1351 4416 1509 4470 verba
1535 4416 1752 4479 faceret,
1777 4427 1831 4471 et
1850 4416 2001 4485 quasi

428 4508 580 4577 ignea
612 4506 787 4575 lingua
821 4505 1129 4574 prteclarum
1175 4505 1373 4575 aliquid
1429 4521 1491 4560 ac
1538 4506 1864 4560 modulatnro
1911 4522 2002 4562 ca-

2092 3324 2276 3380 dotum
2319 3328 2429 3379 tum
2476 3339 2539 3379 ex
2585 3324 2965 3379 monachorum
2998 3322 3209 3387 ordine,
3253 3320 3317 3375 ad
3348 3320 3672 3390 pascendum

2093 3415 2291 3471 Christi
2323 3430 2536 3485 gregem
2572 3414 3002 3468 instituebantur.
3035 3414 3199 3467 Porro
3222 3429 3313 3467 rex
3342 3414 3587 3467 Abenner
3607 3413 3673 3466 ad

2096 3512 2234 3565 hunc
2277 3510 2491 3564 modum
2540 3508 2606 3562 ab
2647 3509 2885 3577 improba
2926 3516 2978 3561 et
3019 3506 3195 3575 flagiti;
3219 3520 3276 3559 sa
3316 3506 3437 3558 vita:
3467 3506 3673 3559 ratione

2096 3618 2217 3657 sese
2247 3616 2554 3663 removens,
2606 3614 2668 3652 ac
2696 3600 2763 3652 de
2804 3599 3122 3666 perpetratis
3168 3597 3460 3651 sceleribus
3505 3594 3673 3663 paeni-

2098 3694 2316 3746 tentiam
2347 3704 2529 3759 agens,
2582 3691 2784 3758 regium
2829 3702 2989 3742 omne
3028 3687 3309 3753 imperium
3353 3684 3463 3739 tilio
3494 3684 3674 3744 tradit.

2098 3788 2211 3856 ipse
2239 3794 2415 3838 autem
2438 3783 2489 3836 in
2513 3781 2797 3836 snlitudine
2816 3781 3038 3850 degens,
3061 3788 3325 3848 caputque
3353 3780 3534 3832 cinere
3562 3780 3675 3831 sine

2099 3878 2201 3931 ulla
2226 3874 2619 3930 intermissione
2638 3887 2942 3940 aspergens,
2964 3881 3018 3924 et
3033 3885 3221 3941 graves
3242 3871 3468 3941 gemitus
3489 3868 3673 3933 edens,

2099 3982 2161 4021 ac
2188 3981 2308 4020 sese
2339 3964 2589 4034 lacryniis
2617 3964 2860 4026 abluens,
2887 3963 3032 4017 solus
3056 3977 3175 4018 cum
3204 3978 3269 4015 eo
3300 3962 3414 4015 solo
3443 3961 3532 4030 qui
3562 3962 3677 4015 ubi-

2100 4072 2204 4124 que
2235 4070 2472 4123 prtesens
2502 4065 2583 4109 est
2608 4054 3035 4123 colloquebatur,
3060 4068 3317 4107 noxarum
3346 4069 3559 4107 suarum
3588 4068 3678 4107 ve-

2102 4148 2241 4200 niam
2280 4146 2347 4199 ab
2387 4161 2452 4199 eo
2490 4155 2695 4214 petens.
2739 4144 2874 4210 Quin
2914 4145 2965 4197 in
3019 4154 3216 4196 tantam
3258 4142 3679 4211 conipunctionis

2102 4249 2259 4307 atque
2305 4236 2616 4291 humilitatis
2658 4237 2908 4306 abyssum
2951 4250 3070 4289 sese
3122 4233 3353 4297 demisit,
3412 4243 3466 4286 ut
3504 4232 3678 4302 ipsum

2102 4343 2310 4398 quoque
2350 4328 2439 4380 Dei
2485 4341 2678 4381 nomen
2707 4326 2861 4379 labiis
2891 4339 3148 4392 usurpare
3178 4332 3471 4389 recusaret,
3499 4338 3561 4377 ac
3590 4324 3679 4376 vix

2104 4420 2317 4472 tandem
2346 4433 2373 4470 a
2408 4417 2514 4471 ﬁlio
2535 4417 2862 4482 admonitus,
2894 4415 3017 4469 illud
3051 4414 3407 4484 pronunciare
3431 4413 3676 4468 auderet.

2103 4510 2272 4563 Tanta
2296 4518 2471 4562 autem
2503 4523 2564 4562 ac
2596 4517 2704 4561 tam
2736 4506 2989 4575 pra::-l.ira
3020 4506 3071 4559 in
3098 4520 3163 4559 eo
3192 4506 3314 4559 vitae
3339 4505 3683 4558 commutatio

429 4608 603 4664 neret,
630 4599 1013 4668 superveniens
1051 4598 1281 4668 Spiritus
1314 4600 1481 4652 sancti
1505 4600 1672 4668 gratia
1704 4614 1889 4652 omnes
1934 4598 1999 4653 ad
2031 4588 2078 4646 υ
2108 4602 2227 4667 fuit,
2258 4618 2322 4658 ac
2348 4612 2491 4656 tanta
2524 4617 2643 4656 cum
2674 4603 2830 4656 laude
2866 4602 3074 4655 virtutis
3104 4603 3203 4654 iter
3233 4602 3425 4665 tenuit,
3457 4610 3513 4654 ut
3540 4600 3683 4669 prio-

428 4690 804 4747 celebrandam
835 4690 930 4744 Dei
958 4690 1181 4760 gloriam
1209 4689 1503 4755 excitabat;
1538 4691 1606 4744 ita
1660 4700 1717 4744 ut
1759 4693 2003 4746 universa

431 4783 718 4838 multitudo
750 4797 853 4835 una
885 4796 1015 4836 voce
1072 4781 1329 4836 clamaret
1363 4799 1376 4835 :
1408 4781 1626 4851 Magnus
1680 4783 2006 4836 Christiano-

434 4892 549 4929 rum
574 4877 717 4931 Deus
745 4883 858 4941 est,
892 4888 990 4928 nec
1023 4884 1215 4943 prarter
1247 4874 1523 4927 Dominum
1558 4883 1797 4927 nostrum
1819 4874 2002 4929 Jesum

434 4965 727 5031 Christum,
759 4961 847 5034 qur
876 4982 995 5019 cum
1028 4966 1181 5019 Patre
1205 4974 1259 5019 et
1288 4964 1489 5033 Spiritu
1521 4975 1706 5022 sancto
1737 4967 2004 5036 glorifica-

432 5066 538 5127 tur,
568 5058 703 5111 alius
732 5056 872 5111 Deus
911 5066 1013 5111 est.

510 5148 700 5201 Divino
734 5163 895 5215 porro
928 5149 1042 5202 zelo
1072 5148 1322 5216 impletus
1345 5162 1439 5201 rex
1475 5148 1744 5211 Abenner,
1769 5148 1820 5201 in
1844 5162 2003 5201 aurea

434 5240 524 5293 illa
558 5250 611 5293 et
643 5249 894 5310 argentea
946 5242 1116 5304 idola,
1157 5256 1274 5308 quat
1314 5240 1367 5292 in
1397 5240 1560 5308 ipsius
1588 5239 1788 5308 palatio
1817 5249 2004 5307 erant,

432 5332 542 5385 aeri
590 5332 773 5384 animo
816 5333 1066 5400 impetum
1119 5333 1286 5397 facit,
1340 5347 1509 5401 eaque
1550 5333 1727 5385 omnia
1774 5332 1953 5401 dejicit
1987 5373 2002 5393 ,

435 5430 729 5490 posteaque
784 5421 834 5473 in
882 5423 1113 5475 minutas
1168 5431 1345 5491 partes
1418 5424 1629 5477 redacta
1690 5424 2007 5491 pauperibus

436 5510 710 5565 distribuit
741 5528 753 5561 :
785 5512 862 5564 sic
894 5511 1146 5565 nimirum
1179 5513 1323 5565 utilia
1349 5529 1408 5567 ea
1442 5513 1690 5576 reddens,
1715 5529 1830 5582 qua:
1858 5514 2005 5581 prius

438 5600 666 5656 utilitate
698 5602 841 5655 omni
892 5617 954 5656 ac
1006 5602 1177 5655 fructu
1227 5605 1498 5657 carebant.
1533 5605 1667 5672 Quin
1701 5606 1860 5659 etiam
1895 5607 2007 5672 ipse

440 5709 559 5747 cum
590 5691 699 5745 ﬁlio
730 5692 989 5744 idolorum
1025 5692 1218 5759 templa
1249 5702 1302 5747 et
1332 5709 1451 5747 aras
1480 5710 1665 5750 omnes
1718 5696 1965 5749 obsidens
1989 5740 2005 5764 ,

438 5801 467 5840 a
497 5786 853 5841 fundamentis
884 5783 937 5855 ip
968 5799 995 5838 a
1023 5786 1183 5850 eruit,
1206 5800 1495 5856 eorumque
1528 5775 1644 5843 loco
1675 5790 1866 5857 templa
1902 5790 2009 5844 Deo

2109 4714 2226 4752 runt
2281 4698 2617 4766 iniquitatum
2666 4698 3014 4767 ignorantiam
3058 4696 3272 4763 pietatis
3324 4694 3684 4763 magnitudine

2110 4796 2406 4858 superaret.
2435 4789 2563 4842 Cum
2595 4798 2770 4840 autem
2820 4798 3046 4855 quatuor
3088 4801 3259 4840 annos
3290 4786 3390 4839 hoc
3437 4796 3592 4855 pacto
3632 4786 3685 4840 in

2111 4877 2418 4947 pa‘nitentia
2464 4886 2520 4932 et
2564 4877 2810 4947 lacrymis
2858 4888 3018 4944 atque
3062 4877 3203 4930 omni
3238 4878 3446 4931 virtutis
3491 4891 3686 4947 genere

2110 4972 2477 5039 transegisset,
2506 4969 2557 5023 in
2583 4969 2829 5024 letbalem
2856 4969 3097 5023 morbum
3121 4969 3326 5023 incidit.
3351 4970 3485 5023 Cum
3509 4980 3684 5024 autem

2111 5060 2210 5130 ipsi
2232 5065 2353 5113 vitae
2378 5061 2499 5113 ﬁnis
2528 5060 2848 5124 immineret,
2880 5060 2930 5113 in
2954 5070 3095 5113 metu
3123 5060 3390 5129 animique
3418 5062 3688 5113 anxietate

2113 5151 2320 5206 versari
2357 5153 2540 5221 erepit,
2584 5152 2721 5204 mala
2768 5166 2831 5205 ea
2862 5167 2979 5220 quae
3004 5166 3034 5204 a
3064 5167 3120 5205 se
3150 5161 3448 5218 perpetrata
3484 5152 3689 5204 fuerant

2112 5244 2165 5298 in
2217 5258 2423 5299 memor
2444 5257 2528 5295 am
2580 5256 2855 5295 revocans.
2918 5245 2984 5294 At
3030 5240 3284 5305 Josaphat
3334 5240 3687 5294 consolatoria

2112 5335 2356 5388 oratione
2404 5341 2644 5385 coortum
2695 5329 2743 5385 ei
2785 5335 3031 5386 maeroris
3082 5346 3215 5385 unus
3258 5332 3573 5397 sublevavit,
3610 5333 3689 5383 his

2116 5428 2289 5482 verbis
2314 5436 2499 5479 utens:
2531 5424 2704 5489 Quare
2737 5423 2899 5477 tristis
2926 5438 3004 5488 es,
3030 5437 3063 5476 o
3093 5433 3261 5492 pater,
3288 5432 3343 5477 et
3363 5438 3527 5492 quare
3559 5423 3690 5489 teip-

2116 5535 2233 5575 smn
2260 5516 2547 5572 conturbas
2577 5512 2750 5580 (Psal.
2782 5514 2935 5581 XLI)?
2969 5512 3132 5580 Spera
3176 5513 3226 5566 in
3275 5515 3406 5581 Deo,
3439 5524 3490 5567 et
3515 5514 3691 5566 conﬁ-

2118 5620 2231 5664 tere
2261 5608 2381 5678 ip~i,
2425 5606 2513 5675 qui
2557 5614 2635 5659 est
2673 5620 2795 5673 spes
2838 5606 3074 5658 omnium
3118 5608 3298 5660 ﬁniunt
3334 5618 3508 5670 teme,
3543 5615 3597 5660 et
3638 5608 3689 5659 in

2120 5701 2249 5753 mari
2286 5699 2440 5767 longe
2472 5696 2640 5765 (Psal.
2689 5697 2853 5764 LXIV),
2897 5697 2985 5764 qui
3032 5712 3123 5765 per
3152 5698 3458 5765 prOphetam
3488 5698 3689 5752 clama—

2120 5793 2231 5848 vit:
2269 5790 2559 5854 Lavamini,
2593 5790 2771 5842 mundi
2801 5797 2992 5857 estote,
3035 5789 3236 5845 auferte
3266 5793 3458 5846 malum
3488 5793 3687 5859 cogita-
