4010 6270
321 287 427 342 585

779 301 937 358 VITA
976 299 1389 355 SANCTORUM
1433 297 1762 354 BARLAAM
1808 297 1898 352 ER

2007 294 2140 349 ΙΤᾹΞ
2183 295 2267 348 ΕΤ
2303 292 2648 348 JOSAPHAT
2690 290 2892 346 INDUE
2929 288 3158 346 REGIS.

3454 279 3560 338 εςκπ

309 418 512 468 tionnm
541 423 836 468 vestrarum
871 413 938 467 ab
967 411 1136 467 oculis
1169 408 1512 477 meis,discite
1541 407 1886 467 benefacere.
1921 408 1964 464 Α
1997 403 2176 468 affers,
2203 403 2427 457 Domine
2458 401 2579 456 .lesu
2611 400 2840 466 Christe,
2872 400 3123 469 quoniam
3150 397 3309 452 decet
3329 395 3574 466 tcgloria

309 502 374 558 Et
401 504 445 558 si
474 504 675 558 fuerint
704 512 920 573 peccata
943 511 1119 557 vestra
1148 501 1293 556 sicut
1313 496 1609 569 coccinum,
1633 513 1881 573 tanquam

310 600 398 652 nix
439 596 863 661 dealbabuutur;
897 603 945 650 et
977 595 1023 649 si
1053 593 1251 648 fuerint
1274 593 1430 647 rubra
1457 593 1597 649 sicut
1621 611 1887 652 vermicu-

311 690 413 752 lus,
445 697 693 757 tauquam
725 689 842 741 lana
886 685 1001 740 alba
1040 693 1195 738 erunt
1222 682 1403 754 (Isaia:
1429 684 1492 752 t).
1522 685 1782 752 Quocirca
1822 703 1890 743 ne

311 781 521 846 timeas,
569 796 601 832 ο
641 789 808 845 pater,
839 792 940 831 nec
979 776 1144 830 dubio
1180 775 1360 829 animo
1403 776 1505 840 sis;
1536 791 1707 845 neque
1746 778 1887 832 enim

307 886 493 925 eorum
539 871 625 937 qui
671 870 736 922 ad
773 869 934 921 Deum
979 881 1100 921 sese
1135 875 1475 930 convertunt,
1521 876 1758 934 peccata,
1793 868 1890 921 im-

313 980 545 1017 mensam
575 963 737 1030 ipsius
763 961 1054 1016 bonitatem
1080 960 1318 1013 vincunt.
1349 958 1443 1012 Illa
1476 961 1620 1012 enim
1651 974 1889 1027 quocun-

314 1073 414 1124 que
451 1057 662 1109 tandem
694 1070 916 1108 numero
953 1052 1169 1119 fuerint,
1201 1053 1301 1108 sub
1331 1066 1639 1106 mensuram
1670 1052 1886 1112 cadunt,

316 1151 449 1202 hanc
477 1159 653 1201 autem
684 1161 782 1200 nec
826 1143 1003 1200 metiri
1035 1159 1132 1199 nec
1159 1159 1442 1198 numerare
1481 1144 1760 1213 quisquam
1793 1158 1891 1212 ρον

315 1250 438 1294 test.
486 1240 745 1305 Quocirca
796 1238 910 1292 fieri
959 1253 1061 1290 non
1111 1247 1303 1305 potest,
1351 1246 1412 1291 ut
1452 1238 1592 1304 quod
1627 1253 1890 1292 mensura?

316 1331 616 1399 subjicitur,
660 1330 712 1383 id
743 1329 882 1398 quod
917 1328 1059 1382 nulla
1094 1344 1339 1383 mensura
1378 1328 1755 1397 comprehendi
1800 1344 1894 1397 po-

315 1433 438 1485 test,
471 1433 705 1489 supetct.

390 1510 706 1578 Ilujusmudi
744 1508 926 1562 verbis
953 1507 1015 1562 ad
1042 1507 1424 1561 consolandum
1455 1507 1890 1570 accommodatis,

317 1599 478 1666 ipsius
509 1601 745 1652 animum
791 1599 1015 1662 leniens,
1053 1613 1115 1651 ac
1147 1599 1289 1651 velut
1331 1608 1643 1662 excatttans,
1673 1613 1794 1652 entu
1826 1598 1890 1652 ad

318 1691 362 1742 ht
391 1707 509 1743 nam
539 1705 686 1756 spem
717 1686 1004 1743 revocavit.
1031 1687 1237 1742 Deinde
1268 1697 1436 1754 pater.
1466 1687 1700 1742 extensis
1723 1687 1894 1740 mani—

1992 498 2044 550 in
2075 493 2289 549 saecula.
2320 494 2511 548 Amen.

2062 582 2374 653 llujusmodi
2407 595 2594 650 preces
2621 590 2675 636 et
2701 579 2972 634 orationes
3005 577 3112 632 Deo
3137 575 3420 640 oﬂerebat,
3449 588 3574 642 sep-

1991 683 2096 728 tem
2127 674 2242 729 dies
2280 688 2310 726 a
2339 672 2586 741 sepulcro
2621 670 2841 724 omnino
2873 683 2976 722 non
3004 666 3308 729 discedens,
3341 677 3441 718 nec
3466 663 3570 715 cibi

1990 763 2275 833 quidquam
2324 772 2416 816 aut
2463 770 2618 831 potus
2665 761 2972 824 admittens,
3024 771 3125 812 nec
3155 767 3342 810 rursus
3382 767 3573 808 somno

1990 868 2187 922 corpus
2239 868 2508 918 recreans,
2561 852 2723 922 328
2771 865 2954 904 verum
2997 858 3051 904 et
3105 849 3356 916 lacrymts
3399 843 3575 898 solum

1992 947 2172 1015 rigans
2197 945 2370 1015 (Psal.
2392 944 2567 1014 cht),
2592 953 2646 997 et
2673 959 2794 997 cum
2829 941 3053 996 luctibus
3079 953 3292 993 omnem
3317 934 3577 992 orationis

1995 1037 2300 1089 facultatem
2334 1035 2710 1105 superantibus
2738 1035 2789 1087 in
2819 1033 3059 1086 oratione
3081 1039 3342 1099 perstans.
3374 1026 3577 1081 Octavo

1993 1137 2176 1181 autem
2207 1127 2437 1195 denique
2464 1126 2550 1180 die
2574 1126 2624 1180 in
2653 1123 2903 1192 palatium
2931 1135 3197 1184 reversus,
3228 1132 3358 1188 opes
3385 1131 3576 1173 omnes

1993 1231 2056 1271 ac
2083 1218 2332 1286 pecunias
2355 1216 2676 1284 pauperibus
2697 1214 2993 1277 distribuit;
3019 1212 3152 1266 adeo
3175 1219 3233 1265 ttt
3260 1209 3439 1265 nullus
3461 1208 3574 1278 jam

1994 1308 2081 1374 qui
2106 1321 2284 1362 rerum
2314 1306 2494 1375 inopia
2537 1313 2890 1374 premeretur,
2925 1310 3248 1370 superesset.
3278 1298 3579 1368 Paucisque

1994 1395 2186 1450 diebus
2235 1397 2287 1450 in
2322 1395 2626 1465 hujusmodi
2658 1392 2956 1449 ministerio
2982 1391 3206 1456 exactis,
3241 1403 3429 1444 omnes
3461 1390 3581 1443 tlte-

1995 1501 2184 1541 sauros
2232 1487 2511 1541 exhausit:
2566 1487 2617 1541 id
2663 1485 2910 1540 videlicet
2956 1498 3140 1551 agens,
3189 1497 3257 1537 ne
3298 1488 3579 1552 angustam

1996 1586 2204 1646 portam
2253 1575 2474 1632 introire
2516 1575 2725 1646 paranti
2753 1574 3097 1645 pecuniarum
3146 1572 3317 1628 moles
3359 1571 3584 1640 impedi-

1999 1678 2234 1722 mentum
2266 1666 2501 1723 afferret.

317 1781 434 1844 bus,
461 1781 657 1851 gratias
681 1779 778 1850 ipsi
805 1779 1011 1848 agebat,
1035 1793 1095 1831 ac
1123 1778 1257 1832 bene
1287 1778 1621 1848 precabatur,
1646 1777 1890 1846 diemque
1924 1767 1970 1826 Β
2065 1777 2194 1833 CAP.
2227 1779 2470 1834 XXXVI.
2501 1809 2571 1819 —
2598 1779 2669 1833 At
2697 1793 2826 1834 vero
2859 1775 3262 1848 quadragesimo
3307 1788 3337 1826 a
3376 1770 3581 1843 paterni

315 1888 436 1926 eum
463 1888 566 1939 quo
590 1874 774 1942 ipsein
803 1873 970 1924 lucem
990 1870 1165 1924 editus
1188 1881 1330 1925 esset
1351 1869 1592 1924 laudibus
1619 1869 1894 1936 efferebat,

319 1962 399 2015 bis
432 1963 610 2016 verbis
638 1972 823 2016 utens:
857 1960 1170 2014 Dulcissime
1199 1957 1655 2028 fili,fili,ittquam,
1678 1961 1766 2028 qui
1790 1975 1895 2014 non

317 2062 424 2105 tam
475 2068 621 2106 meus
662 2067 721 2106 es
761 2065 918 2120 quam
955 2050 1187 2104 caelestis
1229 2049 1421 2113 Patris,
1470 2062 1754 2115 quamnam
1805 2046 1898 2103 tibi

320 2145 540 2207 gratiam
586 2142 848 2197 referam?
893 2142 1086 2210 quibus
1129 2147 1180 2194 te
1222 2139 1685 2194 benedictionibus
1718 2153 1900 2207 prose-

321 2232 495 2299 quar?
539 2229 675 2301 quas
703 2231 811 2285 Deo
852 2241 940 2286 tua
971 2245 1129 2284 causa
1161 2230 1357 2299 gratius
1394 2228 1585 2296 agam?
1632 2226 1900 2281 Perieram

321 2324 487 2387 enim,
530 2340 592 2378 ac
620 2334 706 2378 tua
739 2340 895 2392 opera
925 2323 1169 2378 iuventus
1208 2338 1365 2388 sum;
1406 2332 1630 2391 peccato
1661 2330 1904 2376 mortuus

321 2431 490 2482 eram,
519 2427 570 2471 et
600 2418 767 2472 revixi
811 2416 987 2486 (Luca:
1018 2416 1144 2486 xv);
1184 2417 1353 2470 hostis
1380 2425 1435 2469 et
1461 2414 1751 2485 perduellis
1783 2414 1900 2477 Dei,

321 2516 372 2560 et
405 2510 454 2560 in
482 2508 708 2576 gratiam
743 2517 988 2576 receptus
1027 2521 1166 2560 sum.
1212 2507 1347 2573 Quid
1383 2507 1538 2575 igitur
1569 2507 1660 2560 tibi
1692 2521 1789 2575 pro
1820 2505 1902 2559 his

321 2597 565 2651 omnibus
595 2597 879 2665 rependam
927 2597 1102 2667 (Psal.
1149 2598 1322 2666 xxx)?
1366 2597 1504 2652 Deus
1547 2606 1629 2651 est
1657 2599 1743 2667 qui
1773 2597 1904 2652 satis

324 2689 513 2756 amplis
559 2689 786 2756 praemiis
829 2697 879 2742 te
919 2690 1251 2745 remunerari
1293 2700 1470 2760 queat.
1506 2690 1618 2745 Hoc
1654 2705 1904 2746 sermone

325 2779 529 2846 habito,
563 2793 676 2832 cum
719 2775 1089 2832 charissimum
1136 2777 1297 2832 filium
1338 2781 1534 2849 smpius
1565 2782 1905 2835 exosculatus

324 2869 532 2936 fuisset,
565 2886 623 2924 ac
652 2869 845 2925 deinde
885 2885 1073 2938 preces
1109 2869 1358 2939 fudisset,
1402 2879 1581 2941 atque,
1613 2870 1674 2926 in
1716 2887 1904 2927 manus

227 2991 247 3010 ο
325 2974 466 3030 tuas,
498 2982 530 3020 ο
571 2965 798 3035 benigne
841 2963 1001 3029 Deus,
1047 2964 1364 3020 commendo
1406 2965 1650 3032 spiritum
1701 2979 1900 3030 meum,

324 3057 563 3122 dixisset,
609 3057 662 3111 in
708 3057 1019 3125 poenitentia
1062 3055 1293 3110 animam
1339 3070 1487 3110 suam
1522 3055 1748 3111 Domino
1778 3056 1903 3111 red-

322 3149 478 3226 didit.

396 3243 561 3296 Filius
592 3251 766 3295 autem
807 3240 1062 3310 Josaphat
1101 3248 1305 3312 patrem
1350 3250 1613 3296 mortuum
1653 3241 1902 3310 lacrymis

325 3340 655 3400 prosecutus,
687 3330 950 3401 justisque
997 3330 1096 3400 ipsi
1129 3330 1435 3399 persolutis,
1469 3345 1663 3398 corpus
1702 3331 1817 3399 ejus
1849 3331 1901 3383 in

324 3421 530 3489 piorum
563 3421 795 3474 virorum
820 3419 1079 3489 sepulcris
1108 3420 1364 3473 condidit.
1396 3419 1503 3474 Nec
1529 3429 1704 3474 tamen
1737 3421 1905 3488 ipsius

323 3525 520 3578 corpus
568 3510 711 3578 regia
755 3518 903 3563 veste
946 3508 1199 3571 obvolvit,
1246 3508 1339 3562 sed
1387 3509 1715 3576 paenitentia:
1746 3509 1905 3563 veSti-

331 3600 526 3653 mentis
574 3601 868 3653 exornavit.
912 3600 1084 3668 Atque
1117 3599 1229 3667 ipse
1259 3600 1311 3652 in
1360 3599 1604 3668 sepulcro
1632 3610 1801 3666 stans,
1843 3615 1906 3655 ac

326 3703 515 3744 manus
539 3689 588 3744 in
618 3691 812 3744 crelum
846 3689 1089 3755 tendens,
1120 3689 1490 3758 lacrymasque
1520 3703 1583 3744 ex
1616 3690 1782 3744 oculis
1808 3689 1906 3742 ilu-

329 3782 401 3835 vii
435 3781 602 3834 instar
631 3780 982 3850 profundens,
1016 3780 1097 3834 his
1129 3779 1302 3834 verbis
1332 3779 1397 3833 ad
1427 3780 1591 3834 Deum
1622 3780 1902 3834 clamavit:

395 3871 604 3927 Gratias
629 3873 718 3926 tibi
745 3887 865 3942 ago,
895 3873 1029 3926 Deus
1051 3871 1164 3925 Rex
1191 3870 1396 3938 gloriae,
1423 3870 1514 3938 qui
1539 3870 1686 3926 solus
1717 3879 1907 3939 puteus

324 3972 378 4015 et
416 3963 731 4018 immortalis
765 3979 846 4028 es,
879 3963 1127 4031 quoniam
1160 3963 1456 4016 orationem
1484 3976 1656 4016 meam
1689 3961 1908 4017 minime

325 4055 640 4122 despexisti,
672 4070 770 4109 nec
794 4056 1055 4123 lacrymas
1077 4068 1224 4108 meas
1252 4067 1346 4122 pro
1369 4052 1535 4108 nihilo
1555 4052 1786 4108 duxisti:
1817 4068 1911 4108 ve-

326 4162 442 4200 rum
482 4162 695 4200 servum
727 4156 872 4200 tuum
920 4162 982 4200 ac
1010 4156 1214 4215 patrem
1260 4161 1434 4199 meum
1466 4161 1496 4198 a
1527 4145 1785 4199 scelerata
1818 4145 1908 4197 vi-

323 4236 482 4290 vendi
528 4237 732 4290 ratione
759 4247 1065 4301 avocatutn,
1097 4236 1165 4289 ad
1217 4245 1267 4289 te
1295 4237 1534 4289 omnium
1578 4236 1906 4290 Salvatorem

324 4325 902 4398 pertraherevoluisti,
951 4340 1072 4379 eum
1104 4325 1359 4379 videlicet
1408 4324 1475 4380 ab
1522 4325 1788 4379 idolorum
1825 4341 1910 4380 er—

325 4431 448 4472 rore
485 4417 774 4479 abducens,
818 4425 974 4484 atque
1005 4416 1102 4484 ipsi
1139 4415 1243 4468 hoc
1282 4415 1508 4480 donans,
1552 4424 1611 4468 ut
1655 4424 1708 4469 te
1738 4415 1904 4470 Deum

326 4521 510 4562 verum
540 4521 600 4561 ac
630 4506 916 4574 benignum
946 4506 1287 4574 intelligeret.
1330 4503 1408 4558 Ac
1436 4520 1598 4570 nunc,
1629 4520 1661 4559 ο
1685 4505 1908 4560 Domine

330 4599 489 4662 Deus,
519 4596 670 4666 cujus
700 4596 952 4651 bonitatis
988 4596 1202 4664 pelagus
1233 4594 1581 4664 pervestigari
1612 4595 1813 4664 nequit,
1854 4595 1906 4649 in

329 4692 446 4745 luco
479 4705 713 4759 pascuae,
747 4691 799 4743 in
847 4689 962 4742 loco
991 4688 1318 4753 refectionis,
1360 4686 1451 4742 ubi
1474 4688 1649 4741 vultus
1693 4686 1769 4741 tui
1813 4686 1905 4741 lux

328 4782 591 4850 splendet,
626 4795 746 4834 eum
774 4780 974 4836 colluca
1001 4796 1015 4844 ;
1045 4794 1144 4834 nec
1165 4779 1499 4848 antiquarum
1531 4778 1699 4848 ipsius
1721 4778 1911 4846 iniqui-

329 4881 495 4925 latum
537 4870 840 4936 recordare,
890 4870 982 4923 sed
1030 4884 1124 4938 pro
1166 4869 1363 4938 ingenti
1415 4879 1501 4922 tua
1547 4869 1910 4921 misericordia

328 4971 665 5032 peccaturmn
693 4960 861 5028 ipsius
885 4959 1296 5029 chirographum
1327 4959 1466 5022 dele,
1515 4973 1577 5013 ac
1607 4959 1908 5014 debitorum

329 5053 494 5121 ipsius
540 5054 750 5107 chartas
788 5064 1069 5115 concerpe,
1119 5059 1438 5116 sanctosque
1478 5056 1618 5113 tuos,
1669 5065 1807 5118 quos
1857 5058 1910 5104 et

331 5145 454 5216 igne
480 5154 534 5200 et
571 5146 745 5213 gladio
763 5145 829 5198 de
857 5145 1032 5198 medio
1061 5143 1272 5197 sustulit
1306 5141 1475 5210 (Psal.
1509 5142 1754 5210 Lxxvttt),
1786 5157 1905 5194 cum

335 5237 451 5304 ipso
480 5237 532 5289 in
563 5236 783 5304 gratiam
807 5236 989 5303 reduc,
1018 5235 1226 5303 eisque,
1257 5248 1322 5285 ne
1344 5232 1442 5300 ipsi
1466 5231 1705 5286 infensos
1732 5243 1780 5286 et
1806 5235 1908 5287 ira-

334 5341 414 5384 tos
444 5344 564 5384 sese
607 5330 902 5398 praebeant,
947 5329 1164 5395 impera.
1206 5325 1397 5380 Omnia
1441 5328 1634 5394 quippe
1664 5325 1757 5379 tibi
1789 5341 1907 5378 um-

336 5424 482 5476 nium
506 5420 730 5476 Domino
755 5421 1022 5490 possibilia
1047 5427 1193 5487 sunt,
1227 5419 1328 5472 hoc
1354 5433 1458 5472 uno
1485 5427 1729 5486 excepto,
1765 5419 1909 5486 quod

332 5513 460 5579 quin
501 5521 552 5565 te
580 5527 764 5566 eorum
809 5511 898 5579 qui
944 5525 1061 5564 sese
1088 5509 1154 5563 ad
1194 5519 1244 5564 te
1287 5517 1604 5563 convertunt
1633 5508 1909 5575 misereat,

335 5605 510 5658 facere
557 5618 664 5656 non
714 5611 887 5672 potes.
937 5601 1295 5655 Misericordia
1335 5601 1477 5655 enim
1525 5610 1613 5656 tua
1642 5599 1694 5654 in
1723 5616 1911 5656 omnes

331 5697 519 5754 ditius:
567 5708 670 5766 est,
719 5706 875 5767 atque
923 5696 988 5750 iis
1034 5711 1062 5749 a
1093 5696 1284 5764 quibus
1332 5694 1614 5763 invocatis,
1680 5695 1908 5751 salutem

611 5808 884 5869 Pauor.
933 5807 1221 5867 LXXIII.

2002 1868 2182 1922 obitus
2230 1869 2317 1923 die
2347 1872 2660 1924 memoriam
2691 1869 2853 1938 ipsius
2895 1868 3192 1935 celebrans,
3245 1864 3584 1933 magistratus

2001 1974 2187 2014 omnes
2210 1975 2273 2015 ac
2293 1961 2534 2016 militaris
2563 1961 2748 2015 classis
2774 1969 2825 2015 et
2849 1960 3039 2029 plebeii
3062 1959 3265 2014 ordinis
3287 1959 3426 2014 haud
3449 1973 3588 2028 pau—

2002 2063 2095 2103 cos
2122 2059 2420 2116 convocat;
2449 2060 2606 2120 atque
2637 2052 2688 2104 in
2717 2050 2863 2119 regio
2896 2049 3087 2104 throno
3117 2050 3334 2115 sedens,
3379 2051 3586 2110 cunctis

2003 2139 2342 2195 audientibus
2373 2141 2512 2195 hanc
2539 2142 2832 2195 orationem
2863 2139 3078 2193 habuit:
3106 2138 3208 2204 En,
3239 2147 3297 2194 ut
3323 2140 3422 2210 ipsi
3454 2156 3586 2196 cer-

2005 2232 2148 2296 nitis,
2171 2232 2420 2286 Abenner
2443 2247 2532 2286 rex
2555 2245 2618 2286 ac
2653 2240 2801 2300 pater
2823 2244 2994 2295 tuens,
3019 2229 3158 2284 haud
3188 2245 3344 2286 secus
3364 2246 3427 2286 ac
3456 2247 3584 2300 pau-

2006 2337 2190 2390 perum
2213 2323 2389 2392 quivis
2414 2333 2637 2377 mortem
2660 2322 2812 2376 obiit.
2843 2322 2921 2376 Ac
2943 2337 3041 2376 nec
3063 2320 3284 2387 divitize,
3311 2337 3409 2378 nec
3431 2337 3583 2391 opes,

2007 2428 2108 2467 nec
2131 2413 2269 2481 regia
2292 2413 2482 2482 gloria,
2514 2428 2612 2466 nec
2639 2427 2850 2467 rursum
2881 2426 2980 2481 ego
3004 2413 3164 2479 patris
3186 2412 3586 2469 amantissimus

2008 2503 2166 2572 filius,
2213 2518 2314 2558 nec
2362 2504 2686 2573 reliquorum
2730 2504 2897 2573 ipsius
2926 2503 3216 2558 amicorum
3247 2518 3309 2557 ac
3337 2513 3587 2574 cognato-

2007 2610 2122 2648 rum
2155 2596 2430 2666 quisquam
2468 2611 2621 2664 opem
2651 2595 2752 2664 ipsi
2792 2606 2842 2651 et
2890 2594 3143 2649 auxilium
3176 2593 3388 2662 afferre,
3421 2604 3582 2665 atque

2006 2687 2071 2740 ab
2095 2687 2380 2740 inevitabili
2411 2687 2671 2741 sententia
2703 2687 2874 2755 ipsum
2897 2690 3134 2743 eximere
3157 2690 3362 2755 potuit;
3391 2703 3580 2744 verum

2011 2776 2076 2829 ad
2099 2777 2233 2830 illud
2266 2778 2522 2842 tribunal,
2557 2785 2612 2830 ut
2642 2780 2916 2846 przesentis
2939 2777 3058 2833 vitae
3087 2781 3345 2834 rationem
3375 2780 3586 2846 reddat,

2007 2867 2380 2934 proficiscitur,
2430 2869 2700 2921 neminem
2748 2868 2967 2922 omnino
3019 2868 3108 2936 qui
3157 2869 3254 2937 ipsi
3295 2868 3585 2938 opituletur

2008 2972 2190 3010 secum
2239 2957 2477 3022 ducens,
2527 2958 2592 3012 iis
2640 2958 2897 3012 duntaxat
2944 2959 3180 3025 exceptis
3229 2959 3583 3029 (quacunque

2011 3048 2224 3102 tandem
2257 3047 2345 3102 illa
2375 3046 2594 3117 fuerint)
2636 3063 2754 3117 quae
2797 3048 2865 3102 ab
2901 3062 2965 3102 eo
2994 3057 3140 3117 gesta
3171 3056 3314 3102 sunt.
3347 3049 3458 3103 Hoc
3488 3064 3586 3104 au-

1930 3121 1976 3183 Ο
2007 3148 2113 3194 tem
2147 3140 2321 3210 ipsum
2360 3153 2570 3207 quoque
2598 3139 2847 3194 omnibus
2890 3139 2979 3207 qui
3019 3139 3297 3194 mortalem
3342 3150 3586 3196 naturam

2005 3232 2148 3286 nacti
2181 3241 2305 3287 sunt
2331 3231 2646 3300 contingere
2674 3241 2861 3286 natura
2887 3239 3252 3300 comparatum
3281 3241 3382 3298 est,
3414 3249 3587 3302 neque

2006 3326 2161 3380 aliter
2189 3324 2299 3380 fieri
2349 3332 2544 3392 potest.
2594 3322 2744 3378 Nunc
2788 3324 2947 3392 igitur
2988 3324 3167 3378 audite
3208 3339 3315 3391 me,
3344 3339 3378 3379 ο
3405 3324 3498 3380 ﬁlii
3525 3341 3588 3380 ac

2009 3418 2217 3482 fratres,
2263 3415 2416 3486 plebs
2467 3415 2699 3481 Domini,
2756 3423 2812 3469 et
2854 3423 3037 3469 sancta
3094 3413 3397 3481 htereditas,
3449 3431 3587 3486 quos

2005 3507 2254 3562 Christus
2285 3506 2426 3560 Deus
2455 3515 2637 3560 noster
2662 3507 2901 3575 pretioso
2930 3505 3190 3577 sanguine
3213 3519 3310 3559 suo
3339 3507 3590 3574 redemit,

2007 3607 2166 3668 atque
2187 3609 2217 3648 a
2237 3597 2407 3651 veteri
2434 3611 2616 3651 errore
2641 3606 2695 3651 et
2739 3598 3029 3651 adversarii
3062 3599 3316 3652 servitute
3340 3598 3390 3652 in
3425 3599 3588 3654 liber-

2008 3699 2175 3746 tatem
2202 3689 2511 3744 vindicavit.
2542 3689 2652 3743 Vos
2683 3704 2857 3744 meam
2889 3689 3029 3744 inter
3056 3705 3151 3746 vos
3180 3692 3304 3744 vita:
3325 3691 3588 3745 rationem

2009 3783 2207 3836 nostis:
2241 3795 2432 3850 nempe
2471 3779 2611 3850 quod
2659 3795 2724 3834 ex
2769 3795 2875 3850 quo
2903 3790 3142 3849 tempore
3170 3781 3364 3836 Christi
3407 3783 3592 3852 cogni-

2011 3872 2206 3926 tionem
2233 3879 2571 3934 consecutus,
2607 3869 2895 3939 divinoque
2927 3869 3186 3925 beneficio
3212 3871 3377 3940 ipsius
3403 3887 3591 3927 servus

2010 3959 2234 4015 effectus
2262 3974 2405 4026 sum,
2437 3960 2685 4015 omnibus
2712 3960 2831 4014 aliis
2868 3961 3026 4016 rebus
3068 3964 3388 4031 contemptis
3433 3972 3594 4033 atque

2010 4051 2134 4106 odio
2163 4050 2380 4117 habitis,
2427 4051 2590 4120 ipsius
2625 4052 2881 4106 duntaxat
2908 4052 3196 4122 cupiditate
3232 4053 3472 4124 flagravi,
3513 4056 3592 4109 id-

2012 4156 2117 4211 que
2155 4156 2316 4195 unum
2349 4139 2477 4196 mihi
2519 4143 2575 4196 in
2607 4142 2741 4196 votis
2770 4141 2889 4208 fuit,
2924 4153 2980 4197 ut
3019 4159 3083 4198 ex
3115 4144 3269 4214 hujus
3303 4146 3422 4199 vitae
3454 4157 3593 4201 tctn-

2014 4241 2238 4302 pestate,
2267 4242 2425 4303 atque
2457 4234 2601 4288 inani
2631 4235 3035 4303 perturbatione
3065 4250 3127 4290 ac
3156 4236 3378 4290 tumultu
3407 4253 3595 4307 egres-

2013 4337 2124 4386 sus,
2157 4324 2302 4376 sulus
2347 4338 2466 4376 cum
2499 4323 2614 4392 ipso
2661 4323 2778 4378 solo
2824 4325 3265 4379 consuetudinem
3315 4327 3595 4390 haberem,

2015 4423 2173 4482 atque
2200 4415 2254 4468 in
2285 4429 2494 4468 summa
2522 4415 2686 4469 animi
2717 4415 3091 4486 tranquillitate
3116 4416 3226 4470 Deo
3255 4431 3372 4470 meo
3401 4431 3464 4470 ac
3492 4418 3595 4471 Do—

2017 4505 2160 4559 mino
2184 4506 2461 4560 servirem.
2493 4506 2682 4561 Verum
2715 4522 2799 4562 me
2822 4507 2985 4576 patris
3018 4508 3121 4561 mei
3145 4508 3195 4561 in
3223 4508 3493 4563 diversum
3518 4512 3599 4564 ui-

2019 4598 2179 4651 tentis
2218 4598 2464 4652 voluntas
2507 4598 2745 4661 retinuit,
2779 4607 3209 4668 praeceptumque
3254 4597 3403 4663 illud,
3454 4601 3597 4668 quod

2019 4687 2256 4756 patribus
2297 4687 2552 4741 honorem
2587 4688 2767 4741 haberi
2805 4686 2957 4756 jubet
2985 4686 3164 4756 (Deut.
3190 4688 3264 4756 v).
3307 4687 3460 4742 Unde
3505 4689 3600 4742 Dei

2019 4779 2186 4845 gratia
2220 4787 2275 4832 et
2313 4779 2623 4847 adjumeuto
2667 4782 2930 4833 incassum
2959 4779 3178 4833 minime
3207 4780 3466 4845 laboravi,
3499 4798 3597 4836 nec

2024 4867 2327 4936 hujusmodi
2374 4867 2491 4922 dies
2530 4866 2728 4924 frustra
2757 4871 3099 4938 consumpsi;
3132 4885 3312 4924 verum
3342 4879 3397 4925 et
3425 4872 3596 4938 illum,

2020 4971 2073 5012 et
2095 4974 2188 5012 vos
2216 4974 2423 5026 omnes,
2467 4959 2578 5015 Deo
2617 4961 2922 5025 conciliavi,
2973 4975 3200 5031 eumque
3229 4963 3399 5016 solum
3431 4964 3596 5019 Deum

2019 5068 2227 5117 verum,
2261 5068 2324 5107 ac
2356 5069 2532 5108 rerum
2559 5056 2794 5108 omnium
2827 5054 3111 5108 Dominum
3141 5069 3465 5126 cognoscere
3504 5057 3602 5110 du-

2019 5150 2125 5215 cui,
2178 5163 2282 5203 non
2324 5148 2538 5218 quidem
2587 5163 2684 5214 ego
2728 5148 2865 5201 istud
2899 5147 3116 5213 faciens,
3164 5149 3256 5203 sed
3304 5149 3472 5218 gratia
3504 5149 3601 5204 Dei

2019 5255 2250 5303 mecum,
2295 5242 2382 5308 qui
2431 5254 2516 5293 me
2563 5239 2720 5294 etiam
2753 5254 2782 5292 e
2811 5239 3181 5306 superstitioso
3221 5254 3405 5295 errore
3440 5248 3600 5311 atque

2016 5331 2278 5384 idolorum
2307 5330 2450 5384 cultu
2481 5333 2697 5398 eripuit,
2721 5345 2783 5386 ac
2813 5346 2928 5396 vos,
2958 5347 2990 5386 o
3023 5333 3173 5400 plebs
3202 5349 3342 5399 mea,
3365 5335 3514 5402 gravi
3545 5346 3603 5390 et

2017 5419 2204 5476 acerba
2243 5420 2550 5489 captivitate
2581 5421 2843 5475 liberavit.
2869 5423 2984 5476 Jam
3008 5423 3165 5492 igitur
3195 5433 3406 5494 tempus
3434 5433 3518 5481 est
3541 5435 3604 5482 ut

2018 5527 2078 5565 ea
2094 5528 2209 5580 qua:
2232 5512 2342 5566 Deo
2360 5513 2624 5580 pollicitus
2640 5527 2756 5568 sum
2777 5516 3040 5584 expleam.
3067 5515 3325 5586 Tempus,
3353 5517 3595 5586 inquam,

2019 5611 2180 5656 estut
2209 5617 2316 5672 quo
2346 5603 2459 5671 ipse
2487 5619 2574 5659 me
2603 5605 2760 5659 ducet
2790 5605 3113 5674 proficiscar,
3139 5622 3308 5676 eaque
3329 5617 3450 5661 vota
3477 5605 3596 5673 qui..-

2018 5695 2116 5752 bus
2149 5711 2232 5752 me
2253 5697 2367 5766 ipso
2395 5696 2657 5754 obstrinxi
2684 5699 3007 5768 persolvatn.
3039 5699 3187 5755 Nunc
3215 5702 3391 5768 itaque
3421 5694 3599 5751 vobis-

3172 5809 3242 5866 19
