4010 6232
394 330 495 385 587

1416 324 1509 379 DE
1550 322 1721 379 VITIS
1762 321 2043 379 PATftUll
2088 323 2287 379 LIBER
2332 322 2606 381 PRIMUS.

3537 327 3645 387 588

382 458 500 498 cum
526 440 627 512 ipsi
657 442 991 498 considerate
1017 454 1175 512 quem
1200 418 1353 495 Vobis
1381 453 1611 509 praeesse
1636 453 1698 494 ac
1728 452 1945 509 regnum
1978 445 2026 503 Α
2056 439 2108 494 in
2158 436 2351 493 coelum
2406 436 2731 502 tendentem,
2772 450 2832 491 ac
2878 444 3040 492 sext-.e
3092 435 3237 491 hora:
3283 436 3645 505 precationem

380 529 623 587 ohtin‘ere
648 532 841 590 velitis.
887 531 1003 586 Jam
1033 533 1175 586 enim
1206 530 1259 585 in
1287 528 1496 585 Domini
1534 528 1802 585 voluntate
1830 544 1955 600 per-

381 623 503 679 fecti
536 627 686 691 estis,
736 639 832 679 nee
875 624 1158 693 quidquam
1202 638 1269 678 ex
1299 622 1465 692 ipsius
1496 621 1777 692 prteceptis
1804 619 1957 675 vobis

380 716 644 769 occultum
674 724 778 768 est.
825 714 880 768 In
922 714 1002 767 his
1031 712 1318 777 ambulate,
1353 727 1449 767 nec
1478 713 1557 766 vel
1589 711 1655 765 ad
1684 713 1957 765 dexteram

383 805 463 857 vel
496 806 561 859 ad
604 806 873 858 sinistram
925 802 1209 859 declinate.
1257 803 1334 859 Ac
1365 804 1501 858 Deus
1529 802 1672 870 pacis
1701 801 1857 856 velim
1889 800 1957 856 sit

379 910 496 949 cum
528 896 775 949 omnibus
807 898 981 950 vobis.

454 986 575 1039 llccc
600 995 657 1038 ut
680 986 827 1056 plebs
847 986 1070 1049 audivit,
1106 984 1366 1039 tumultus
1387 984 1563 1038 statim
1591 998 1652 1037 ac
1679 982 1953 1051 strepitus,

381 1075 674 1144 ingensque
701 1075 904 1130 clamor
924 1084 978 1129 et
1005 1075 1249 1128 confusio
1277 1083 1462 1128 exorta
1492 1083 1594 1138 est,
1628 1074 1956 1141 plorantibus

381 1168 650 1231 omnibus,
683 1176 841 1235 atque
871 1166 1155 1220 orbitatem
1182 1180 1333 1219 suam
1365 1165 1783 1232 deplorantibus.
1814 1162 1955 1229 Quin

384 1256 544 1310 etiam
564 1265 756 1323 praeter
778 1255 950 1309 luctus
971 1263 1025 1309 et
1043 1255 1271 1324 ejulatus
1292 1254 1418 1308 illud
1433 1256 1591 1309 etiam
1610 1253 1957 1324 jurejurando

378 1345 732 1411 afﬁrmabant,
775 1361 896 1401 sese
925 1346 1073 1400 illum
1119 1347 1335 1401 minime
1365 1347 1697 1409 dimissuros,
1742 1347 1835 1400 sed
1867 1361 1953 1400 re-

378 1446 639 1504 tenturos,
677 1452 775 1492 nec
818 1437 1103 1493 secedendi
1150 1448 1468 1507 potestatem
1510 1439 1617 1492 ullo
1659 1438 1816 1492 modo
1853 1438 1955 1506 ipsi

376 1530 623 1586 facturos.
654 1530 744 1586 Sic
770 1531 1030 1585 clamante
1059 1530 1273 1599 populo,
1296 1539 1456 1599 atque
1478 1530 1730 1585 omnibus
1754 1531 1950 1598 magis-

377 1621 621 1689 tratibus,
677 1620 952 1689 excipiens
990 1636 1085 1676 rex
1119 1624 1401 1690 populares
1450 1622 1759 1688 compescit,
1794 1621 1956 1675 silen-

378 1715 615 1782 tiumque
645 1714 774 1781 ipsis
804 1714 1051 1782 imperat,
1082 1729 1246 1784 seque
1278 1714 1484 1769 illorum
1514 1716 1837 1770 contentioni
1866 1731 1952 1770 ce-

2063 528 2455 599 persolventem
2479 527 2811 582 invenerunt.

2136 620 2437 692 Conspecto
2467 630 2645 674 autem
2677 634 2775 686 eo,
2809 618 3119 675 circumfusi
3147 620 3361 685 statim,
3402 635 3526 676 cum
3568 621 3649 677 la-

2062 712 2260 781 crymis
2299 726 2420 766 eum
2462 710 2849 776 obsecrabant,
2891 725 2954 765 ac
2991 709 3289 765 discessum
3340 712 3441 778 ipsi
3495 712 3646 781 obje-

2061 806 2296 859 ctabant.
2349 804 2417 857 At
2466 803 2593 867 ille,
2647 802 2824 867 Quid,
2883 802 3088 872 inquit,
3143 802 3356 858 inanem
3406 803 3644 861 laborem

2063 894 2375 962 suscipitis?
2419 893 2527 947 Nec
2570 894 2714 948 enim
2758 900 2837 947 est
2883 893 3021 961 quod
3052 908 3145 947 vos
3177 908 3262 948 me
3292 910 3475 964 regem
3509 896 3644 950 ultra

2064 985 2341 1037 habituros
2370 998 2490 1036 esse
2519 985 2768 1052 speretis.
2816 983 2990 1037 Nihilo
3029 985 3204 1039 secius
3241 994 3420 1041 tamen
3460 1002 3643 1043 eorum

2060 1073 2260 1145 ingenti
2293 1073 2628 1129 contentioni
2658 1075 2888 1141 cedens,
2932 1077 2998 1130 ad
3038 1078 3292 1145 palatium
3335 1081 3640 1139 revertitur.

2060 1166 2369 1232 coaetisque
2399 1166 2451 1218 in
2483 1181 2643 1219 ttnum
2675 1167 2923 1221 omnibus
2942 1207 2957 1233 ,
2984 1168 3108 1236 quid
3142 1170 3192 1222 in
3220 1168 3401 1223 animo
3423 1170 3642 1226 haberet

2061 1256 2382 1317 declaravit,
2413 1270 2476 1309 ac
2518 1264 2701 1323 postea
2742 1256 3059 1326 interposito
3096 1260 3257 1313 etiam
3295 1259 3642 1329 jurejurando

2062 1359 2363 1399 sermonem
2395 1345 2763 1413 confirmavit,
2796 1362 2986 1417 nempe
3015 1364 3072 1403 se
3115 1352 3339 1419 posthac
3383 1368 3451 1407 ne
3482 1370 3639 1407 unum

2060 1436 2274 1503 quidem
2300 1436 2441 1489 diem
2469 1451 2587 1489 cum
2618 1437 2748 1506 ipsis
2776 1438 2888 1492 fore
2913 1454 2927 1491 :
2956 1439 3065 1508 Ego
3085 1443 3227 1495 enim
3246 1483 3259 1507 ,
3288 1441 3455 1512 inquit
3476 1486 3490 1508 ,
3523 1461 3640 1500 meo

2059 1539 2183 1591 erga
2218 1538 2311 1578 vos
2342 1525 2637 1580 ministerio
2682 1527 2989 1594 perfunctus
3025 1544 3141 1583 sum
3168 1573 3183 1598 ,
3216 1547 3313 1586 nec
3353 1534 3639 1604 quidquam

2060 1618 2409 1684 praetermissi
2431 1659 2445 1683 ,
2474 1633 2573 1674 nec
2600 1618 2890 1690 subterfugi
2915 1662 2931 1684 ,
2959 1624 3243 1691 quominus
3269 1630 3640 1685 annuntiarem

2061 1707 2212 1761 vobis
2240 1708 2393 1777 (Act.
2424 1710 2563 1778 xx),
2608 1725 2670 1765 ac
2709 1712 2957 1766 docerem
3000 1716 3287 1771 testificaris
3312 1719 3558 1776 omnibus
3586 1708 3640 1778 in

377 1805 504 1859 dere
534 1817 692 1875 atque
719 1807 1091 1873 obtemperare
1118 1822 1384 1873 asserens,
1417 1821 1529 1874 eos,
1562 1810 1805 1876 quamvis
1827 1806 1952 1861 alio-
1988 1818 2033 1876 B
2063 1800 2343 1853 Dominum
2376 1810 2614 1855 ηοεῑτυῐῐι
2646 1802 2827 1858 δοειιῐῐι
2853 1804 3122 1861 ChriSlum
3153 1808 3306 1864 ﬁdem
3328 1850 3342 1875 .
3371 1826 3432 1866 ac
3462 1816 3636 1882 ιιωηὶ-

376 1897 465 1963 qtti
493 1905 778 1951 maerentes
809 1907 967 1966 atque
994 1896 1223 1966 ejulatus
1256 1898 1403 1967 signa
1433 1897 1486 1951 in
1516 1899 1666 1967 genis
1704 1899 1952 1962 ferentes,

379 1987 593 2041 domum
636 1988 877 2043 remittit.
929 1989 1045 2058 Ipse
1076 1999 1251 2044 autem
1289 2006 1451 2044 unum
1491 2005 1556 2045 ex
1607 1990 1956 2058 principibus,

382 2092 529 2137 ‘uem
558 2075 669 2145 ipse
699 2090 807 2131 tum
850 2070 1081 2147 pieiatis,
1123 2088 1229 2133 tum
1264 2081 1382 2133 vitm
1418 2079 1714 2134 sanctitatis
1746 2080 1957 2133 nomine

377 2168 542 2234 pluris
572 2169 815 2223 omnibus
838 2168 1082 2235 faciebat,
1114 2170 1572 2240 admirationeque
1599 2172 1957 2240 prosequeba-

374 2268 482 2321 tur,
529 2259 629 2311 hoe
672 2270 753 2311 εει
787 2259 1119 2325 Barachiam,
1161 2259 1316 2329 cujus
1351 2262 1509 2314 etiam
1541 2260 1805 2326 superius,
1835 2274 1955 2313 cum

377 2345 588 2404 Nachor
640 2347 972 2403 Barlaamum
1003 2365 1060 2402 se
1106 2365 1227 2404 esse
1256 2352 1512 2404 simulans
1559 2366 1678 2404 cum
1718 2350 1957 2418 philoso-

376 2440 496 2508 phis
534 2440 839 2509 disputavit,
868 2441 1025 2494 verba
1059 2439 1298 2505 fecimus,
1332 2457 1595 2511 quemque
1633 2441 1804 2496 SUlllm
1839 2440 1956 2494 zelo

378 2535 557 2588 divino
580 2532 788 2602 penitus
819 2535 1125 2603 flagrantem
1156 2534 1222 2587 ab
1257 2536 1419 2602 ipsius
1445 2535 1685 2604 partibus
1720 2536 1949 2598 Stetisse,

379 2636 535 2693 atque
566 2624 628 2676 ad
659 2626 1063 2692 disputationem
1095 2626 1353 2679 adversus
1384 2625 1501 2678 illos
1536 2624 1818 2678 iucundam
1866 2639 1955 2692 pa-

378 2723 547 2768 ratum
587 2712 750 2767 fuisse
793 2714 1042 2779 diximus,
1076 2713 1239 2777 hunc,
1272 2714 1509 2784 inquam,
1560 2715 1778 2769 remotis
1816 2714 1956 2767 arbi-

375 2804 503 2870 tris,
551 2813 909 2872 assumptum,
960 2804 1152 2859 blande
1200 2819 1263 2859 ac
1312 2805 1501 2859 leniter
1552 2804 1812 2859 allocutus
1850 2815 1951 2868 est,

379 2894 695 2963 obnixisque
735 2894 1000 2963 precibus,
1045 2904 1103 2949 ut
1130 2910 1351 2965 regnum
1381 2896 1666 2962 acciperet,
1710 2907 1866 2965 atque
1902 2895 1953 2948 in

379 2987 568 3039 timore
598 2986 687 3039 Dei
722 2985 926 3054 plebem
957 3000 1104 3039 suam
1132 2994 1344 3055 regeret
1368 2986 1683 3041 obsecrabat
1711 3001 1815 3056 quo
1840 2985 1954 3053 ipse

382 3077 446 3130 ad
480 3077 767 3145 expetitum
799 3078 898 3131 iter
923 3091 981 3131 se
1012 3077 1335 3147 accingeret.

2064 1890 2241 1945 tentize
2300 1893 2437 1945 viam
2485 1894 2795 1948 ostendens.
2845 1896 2923 1949 Ac
2973 1913 3111 1953 nunc
3161 1915 3257 1969 ego
3308 1903 3441 1955 viam
3495 1903 3631 1960 hanc

2064 1980 2220 2045 ineo,
2267 1996 2426 2049 quam
2465 1982 2573 2051 jam
2609 1984 2810 2054 pridem
2855 1988 3192 2055 expeteham,
3234 2007 3330 2045 nec
3368 1994 3510 2047 ultra
3552 1996 3631 2046 fa-

2064 2073 2200 2125 cient
2235 2088 2407 2126 meam
2436 2076 2715 2143 quisquam
2746 2086 2980 2130 vestrum
3019 2080 3234 2136 videbit.
3278 2083 3635 2151 Quapropter,

2064 2156 2123 2217 ut
2165 2163 2329 2218 divini
2379 2166 2619 2235 Apostoli
2664 2169 2841 2222 verbis
2892 2178 3029 2236 utar,
3078 2182 3345 2226 contestor
3392 2189 3488 2227 vvs
3538 2173 3635 2227 ho-

2064 2254 2251 2310 dierno
2278 2256 2395 2321 die,
2428 2257 2567 2326 quod
2596 2258 2823 2313 mundus
2862 2274 2961 2329 ego
3000 2256 3117 2315 sum
3160 2278 3186 2314 a
3228 2266 3484 2332 sanguine
3525 2279 3636 2317 om-

2070 2347 2214 2404 nium
2245 2359 2497 2404 vestrum.
2528 2350 2644 2405 Non
2676 2351 2816 2405 enim
2857 2353 3186 2424 subterfugi,
3225 2358 3509 2425 quominus
3538 2372 3635 2409 an-

2065 2439 2361 2494 nuntiarem
2395 2440 2545 2495 vobis
2575 2442 2853 2496 consilium
2882 2444 2993 2499 Dei.

2143 2532 2269 2586 llzec
2300 2530 2373 2585 illi
2401 2533 2675 2590 audientes
2699 2575 2714 2600 ,
2745 2550 2806 2588 ac
2834 2537 3110 2591 sententiae
3141 2537 3303 2606 ipsius
3333 2540 3631 2595 firmitatem

2067 2622 2399 2690 exploratam
2444 2622 2735 2689 habentes,
2784 2641 2973 2695 nempe
3013 2628 3152 2696 quod
3184 2642 3302 2683 eum
3332 2644 3362 2683 a
3390 2641 3633 2698 suseepto

2064 2711 2287 2765 consilio
2316 2727 2573 2768 revocare
2599 2715 2815 2771 minime
2844 2720 3087 2785 possent,
3116 2717 3393 2775 orbitatem
3420 2721 3632 2790 quidem

2060 2817 2208 2857 suam
2258 2803 2607 2874 deplorabant
2641 2849 2654 2872 ,
2706 2821 2804 2861 nec
2846 2818 3021 2862 tamen
3066 2808 3170 2861 ullo
3210 2812 3367 2866 modo
3407 2826 3529 2867 eum
3570 2814 3634 2866 de

2061 2894 2322 2948 sententia
2354 2894 2708 2950 deducebant.
2741 2897 2871 2951 Tum
2903 2908 3081 2953 autem
3114 2914 3202 2952 rex
3237 2899 3544 2956 Barachiam
3574 2902 3632 2956 il-

2060 2984 2205 3051 lum,
2254 2986 2321 3040 de
2365 3002 2471 3054 quo
2516 3002 2674 3055 supra
2724 2986 2885 3042 locuti
2933 3006 3150 3057 smnus,
3204 3005 3361 3044 manu
3410 3003 3629 3047 tenens:

2060 3078 2243 3143 llnne,
2275 3082 2472 3149 inquit,
2515 3095 2547 3136 o
2593 3080 2816 3146 fratres,
2878 3082 3018 3137 hunc
3070 3078 3440 3152 Vobisregetn
3487 3100 3629 3140 creo.

453 3164 518 3219 Ut
541 3176 713 3221 autem
742 3181 860 3221 eum
888 3175 1221 3232 renuentem,
1266 3175 1423 3236 atque
1452 3164 1593 3221 istud
1623 3165 1843 3220 omnino
1871 3181 1951 3220 re-
1982 3190 2024 3249 ρ
2062 3167 2300 3237 Cumque
2344 3169 2435 3223 ille
2479 3170 2739 3238 ejusmodi
2772 3172 2846 3224 rei
2879 3170 3226 3227 vehementer
3253 3172 3632 3239 obluctaretur,

380 3258 683 3324 pudiantem
705 3257 853 3325 vidit,
884 3258 1073 3327 hisque
1104 3257 1278 3312 verbis
1297 3266 1566 3313 utentem:
1588 3257 1630 3312 0
1652 3272 1769 3323 rex,
1796 3271 1950 3326 quam

380 3350 519 3405 ismd
557 3360 701 3405 tuum
728 3350 983 3418 judicium
1020 3348 1256 3417 iniquum
1285 3357 1386 3415 est,
1428 3363 1584 3419 quam
1626 3359 1744 3404 tuus
1779 3363 1955 3403 sermo

380 3442 560 3495 divino
592 3441 842 3495 mandato
871 3454 1054 3509 parum
1080 3448 1499 3506 consentaneus;
1533 3453 1653 3493 nam
1687 3453 1805 3493 cum
1830 3453 1953 3507 pro.

378 3533 579 3589 ximum
624 3549 727 3587 non
772 3546 928 3588 secus
965 3547 1028 3587 ac
1073 3532 1299 3602 teipsum
1334 3546 1513 3586 amare
1549 3530 1809 3594 docearis,
1853 3544 1954 3599 qua

381 3626 589 3681 tandem
621 3625 826 3680 ratione
857 3626 1122 3679 sarcinam
1152 3640 1292 3689 eam,
1325 3638 1480 3693 quam
1508 3630 1563 3678 tu
1595 3622 1826 3691 abjicere
1845 3630 1956 3675 stu-

380 3718 496 3783 des,
530 3718 659 3771 mihi
689 3718 964 3787 imponere
1012 3717 1271 3773 festinas?
1316 3731 1438 3771 nam
1467 3715 1513 3770 si
1553 3715 1700 3786 regio
1737 3730 1957 3771 munere

381 3810 525 3880 fungi
540 3811 735 3866 bonum
752 3820 851 3876 est,
870 3811 982 3879 ipse
993 3811 1132 3881 quod
1152 3810 1347 3866 bonum
1370 3818 1450 3866 est
1464 3811 1663 3875 retine;
1682 3810 1762 3865 sin
1780 3818 1954 3865 autem

382 3903 757 3958 ollendiculum
784 3902 921 3957 istud
948 3917 1010 3956 ac
1041 3902 1349 3957 scandalum
1375 3901 1536 3957 animi
1558 3881 1809 3970 estfquid
1828 3900 1958 3955 mihi

387 3993 515 4047 illud
541 3992 747 4062 objicis,
770 4007 831 4046 ac
853 4007 939 4046 me
956 3992 1008 4046 in
1031 3992 1266 4047 fraudem
1290 3993 1538 4049 inducere
1563 3994 1747 4062 cupis?
1764 3992 1851 4059 Ut,
1876 3992 1957 4046 in-

383 4098 564 4150 quam,
594 4097 715 4135 eum
748 4082 829 4137 his
852 4083 1026 4137 verbis
1050 4091 1281 4138 utentem
1305 4092 1360 4138 et
1384 4093 1775 4138 asseverantem
1805 4084 1954 4148 vidit,

383 4189 503 4229 cum
528 4189 590 4226 eo
612 4174 823 4243 quidem
847 4173 1075 4242 colloqui
1098 4175 1325 4229 destitit:
1351 4175 1462 4243 ipse
1490 4173 1651 4246 329
1679 4184 1855 4229 autem
1884 4174 1951 4228 in-

384 4271 642 4334 tempesta
660 4272 812 4319 nocte
833 4264 1109 4333 epistolam
1129 4266 1325 4335 ingenti
1344 4263 1598 4334 sapientia
1624 4265 1851 4334 plenam,
1880 4275 1958 4320 at-

384 4369 486 4425 que
504 4353 569 4408 ad
592 4368 748 4409 omne
762 4355 971 4423 pietatis
1000 4371 1163 4428 genus
1186 4354 1568 4425 impellentem,
1592 4356 1656 4410 ad
1680 4357 1959 4425 populares

380 4461 505 4502 suos
534 4456 735 4513 exarat,
763 4462 953 4516 nempe
979 4431 1134 4517 quam
1167 4450 1234 4504 de
1266 4448 1373 4503 Deo
1405 4449 1719 4503 sententiam
1754 4460 1954 4510 tenere,

2060 3260 2283 3313 invitum
2315 3274 2436 3313 eum
2468 3274 2530 3315 ac
2559 3270 2941 3331 repugnantem
2973 3263 3024 3315 in
3058 3264 3204 3331 regio
3245 3262 3435 3316 throno
3470 3263 3632 3319 collo-

2057 3362 2169 3414 cat,
2204 3352 2473 3422 ipsiusque
2508 3355 2666 3422 capiti
2693 3355 2937 3409 diadema
2982 3356 3239 3423 imponit,
3269 3365 3424 3427 atque
3465 3374 3632 3412 annu-

2062 3439 2168 3493 lum
2203 3442 2404 3509 regium
2434 3442 2531 3512 ipsi
2564 3445 2614 3497 in
2645 3460 2856 3497 manum
2887 3445 3107 3513 praabet.
3153 3446 3327 3516 Atque
3356 3446 3420 3499 ad
3451 3447 3634 3501 Orien-

2070 3538 2173 3584 tem
2206 3540 2387 3601 stans,
2418 3546 2514 3601 pro
2542 3548 2665 3601 rege
2708 3549 2896 3600 preces
2946 3534 3114 3601 fudit,
3165 3535 3266 3590 hoc
3311 3536 3560 3591 videlicet
3603 3552 3632 3592 a

2061 3618 2171 3673 Deo
2217 3621 2519 3689 postulans,
2571 3630 2629 3675 ut
2675 3622 2767 3676 Dei
2824 3622 2983 3678 fidem
3034 3634 3344 3679 constanter
3397 3634 3632 3691 teneret,

2059 3723 2123 3764 ac
2150 3709 2346 3764 Christi
2377 3711 2745 3767 mandatorum
2786 3714 2889 3769 iter
2926 3713 2993 3769 ab
3031 3716 3174 3768 omni
3216 3715 3359 3770 tlexu
3405 3715 3632 3772 alienum

2060 3800 2342 3854 inveniret.
2385 3800 2584 3857 Adbtec
2627 3818 2722 3872 pro
2763 3803 2908 3858 clero
2947 3805 3105 3859 etiam
3162 3814 3321 3875 atque
3384 3808 3634 3863 universo

2057 3910 2217 3964 grege
2259 3907 2500 3964 precatus
2541 3904 2659 3965 est,
2694 3911 2848 3966 opem
2893 3898 3142 3954 videlicet
3186 3910 3241 3954 et
3281 3901 3534 3954 auxilium
3575 3916 3633 3954 ac

2063 3989 2291 4042 salutem
2322 3987 2453 4056 ipsis
2480 4003 2508 4041 a
2539 3988 2650 4043 Deo
2686 3996 2910 4058 petens,
2952 3998 3112 4059 atque
3150 4000 3211 4045 ut
3246 3991 3499 4062 quidquid
3538 3991 3634 4060 ipsi

2060 4080 2393 4150 postularent
2419 4078 2483 4133 ad
2517 4079 2795 4133 utilitatem
2824 4078 3208 4134 moderaretur.

2132 4170 2242 4225 Hac
2280 4172 2522 4224 oratione
2566 4168 2779 4237 habita,
2833 4184 3120 4225 conversus
3171 4170 3236 4224 ad
3284 4169 3634 4237 Barachiam,

2059 4263 2134 4315 ait
2162 4277 2175 4314 :
2209 4260 2289 4315 En
2320 4260 2453 4327 tibi,
2487 4258 2674 4326 frater,
2706 4259 2807 4313 hoc
2844 4259 3147 4328 praecipiam
3179 4260 3320 4328 quod
3352 4261 3636 4328 Apostolus

2063 4362 2286 4408 testatus
2313 4359 2396 4407 est
2426 4369 2439 4405 :
2471 4350 2703 4406 Attende
2738 4349 2831 4405 tibi
2864 4350 3001 4420 ipsi,
3029 4360 3082 4406 et
3112 4352 3358 4405 universo
3398 4352 3542 4419 gregi
3586 4352 3636 4406 in

2058 4460 2163 4513 quo
2193 4453 2245 4499 te
2268 4442 2496 4512 Spiritus
2522 4450 2741 4496 sanctus
2772 4456 2949 4512 regem
2982 4442 3183 4510 posuit,
3218 4449 3277 4495 ut
3300 4440 3503 4495 Christi
3544 4457 3636 4511 po-

384 4538 655 4607 quamipsi
678 4540 861 4602 vitam,
885 4552 1015 4604 quas
1035 4537 1236 4600 laudes,
1261 4550 1393 4605 quas
1414 4537 1645 4604 denique
1667 4536 1953 4603 gratiarum
1983 4556 2033 4616 ι)
2060 4536 2278 4604 pulum,
2329 4549 2487 4604 quem
2537 4535 2751 4603 proprio
2798 4536 3060 4605 sanguine
3113 4534 3433 4604 acquisivit,
3481 4549 3637 4604 regas

388 4627 626 4681 actiones
648 4626 838 4679 otl‘erre
861 4625 1136 4690 deberent,
1165 4624 1533 4692 praescribens.
1558 4627 1634 4679 Ac
1660 4635 1860 4693 postea,
1891 4641 1959 4680 ne

384 4730 701 4783 quemquam
734 4715 894 4767 alium
929 4723 1119 4781 praeter
1143 4712 1449 4767 Barachiam
1472 4714 1535 4767 ad
1564 4714 1760 4783 regiam
1786 4712 1960 4783 digni-

382 4815 544 4861 tatem
576 4806 916 4860 admitterent
953 4804 1291 4875 prohibebat.
1325 4803 1432 4859 Hac
1470 4802 1691 4874 epistola
1728 4805 1779 4858 in
1809 4803 1961 4857 cubi-

382 4899 505 4951 culo
532 4912 627 4951 suo
653 4899 860 4962 relicta,
890 4896 1233 4951 inscientibus
1259 4896 1506 4951 omnibus
1526 4896 1813 4966 egreditur.
1846 4896 1953 4951 Nec

381 4997 559 5043 tamen
588 4974 800 5043 efticere
822 4989 991 5056 potuit
1015 4996 1071 5041 ut
1098 4987 1263 5055 ipsius
1282 4986 1547 5042 discessus
1570 4986 1635 5040 ad
1657 4996 1952 5042 extremum

380 5093 552 5148 usque
581 5078 881 5148 incognitus
916 5086 1078 5133 esset.
1104 5077 1234 5132 Nam
1275 5075 1432 5131 simul
1461 5086 1621 5145 atque
1647 5076 1841 5145 illuxit,
1890 5092 1953 5133 ea

381 5186 467 5225 res
509 5169 691 5222 audita
739 5171 1187 5235 perturbationem
1233 5182 1297 5221 ac
1335 5168 1533 5221 luctum
1576 5168 1713 5235 plebi
1756 5167 1949 5236 attulit,

380 5264 671 5326 omnesque
712 5273 916 5311 summa
956 5259 1232 5314 celeritate
1262 5257 1325 5310 ad
1366 5272 1487 5311 eutn
1534 5257 1950 5327 investigandum

383 5355 757 5415 perrexerunt,
812 5345 977 5415 ipsius
1021 5346 1197 5417 fugam
1243 5346 1387 5401 omni
1434 5346 1638 5400 ratione
1690 5361 1950 5416 occupare

382 5437 695 5506 cogitantes.
726 5437 840 5503 Quo
868 5437 1027 5490 etiam
1051 5436 1246 5492 factum
1288 5449 1373 5493 est
1412 5448 1465 5491 ut
1504 5438 1735 5492 studium
1784 5438 1951 5506 ipsius

384 5527 579 5583 frustra
608 5526 825 5582 minime
854 5528 1095 5583 cesserit.
1126 5528 1255 5581 Nam
1286 5544 1402 5582 cum
1432 5530 1619 5585 itinera
1652 5530 1830 5583 omnia
1859 5544 1949 5584 oe-

382 5628 684 5692 cupassent,
732 5633 794 5675 ac
820 5632 1024 5675 montes
1053 5635 1241 5674 omnes
1281 5622 1633 5687 obsedissent,
1680 5622 1953 5692 inviasque

383 5714 547 5771 valles
572 5721 962 5782 peragrassent,
986 5712 1039 5769 in
1063 5720 1296 5768 torrente
1320 5712 1544 5779 quodam
1569 5714 1738 5780 ipsum
1765 5729 1953 5769 manus

2060 4628 2206 4697 (Act.
2239 4624 2372 4694 xx).
2403 4624 2468 4678 Et
2497 4623 2940 4694 quemadmodum
2974 4623 3137 4678 Deum
3168 4632 3291 4678 ante
3321 4638 3407 4678 me
3435 4639 3635 4693 cogno-

2058 4716 2219 4782 viSti,
2251 4728 2481 4783 eumque
2526 4727 2658 4782 puro
2700 4714 2879 4768 animo
2922 4723 2977 4768 et
3016 4714 3344 4769 conscientia
3391 4714 3633 4781 coluisti,

2061 4807 2131 4860 ita
2162 4821 2304 4861 nunc
2332 4820 2544 4875 quoque
2572 4805 2763 4874 majori
2796 4806 2973 4861 studio
3004 4806 3056 4861 in
3098 4807 3197 4862 hoc
3237 4807 3486 4861 incumbe
3511 4849 3527 4874 ,
3582 4817 3637 4861 nt

2056 4895 2158 4965 ipsi
2189 4896 2310 4949 vita:
2336 4904 2440 4949 tute
2479 4896 2712 4951 rationes
2760 4897 2975 4961 probes.
3025 4896 3140 4963 Quo
3190 4898 3331 4950 enim
3383 4897 3557 4965 majus
3605 4913 3636 4950 a

2057 4986 2167 5041 Deo
2198 4983 2482 5053 imperium
2504 4991 2825 5038 consecutus
2853 4999 2942 5048 es,
2971 4999 3037 5039 eo
3066 5000 3275 5053 quoque
3307 4985 3509 5054 majora
3540 4986 3638 5053 ipsi

2056 5074 2325 5146 rependas
2352 5081 2583 5142 oportet.
2630 5075 2706 5127 Ac
2756 5073 2979 5142 proinde
3018 5073 3359 5142 gratitudinis
3396 5076 3638 5129 debitum

2059 5168 2106 5222 ei
2137 5166 2287 5235 cujus
2318 5162 2593 5219 beneficiis
2621 5170 2810 5218 auctus
2837 5179 2896 5218 es
2927 5164 3174 5233 persolve
3194 5205 3209 5229 ,
3246 5177 3431 5219 sancta
3472 5166 3638 5233 ipsius

2059 5267 2323 5325 praecepta
2349 5252 2688 5320 custodiens,
2719 5262 2879 5322 atque
2909 5256 2977 5308 ab
3008 5256 3152 5310 omni
3195 5258 3280 5309 via
3323 5256 3376 5309 in
3415 5256 3635 5309 exitium

2055 5352 2285 5406 ducente
2311 5348 2625 5403 deﬂectens.
2653 5348 2725 5405 Ut
2751 5350 2890 5404 enim
2916 5349 2967 5404 in
3000 5350 3065 5406 iis
3094 5352 3179 5419 qui
3211 5352 3486 5422 navigant,
3516 5366 3635 5405 cum

2055 5452 2213 5497 nauta
2244 5442 2510 5511 quispiam
2544 5452 2769 5510 peccat,
2802 5443 3049 5511 exiguum
3084 5441 3147 5495 iis
3173 5442 3261 5512 qui
3291 5443 3448 5497 simul
3491 5444 3634 5495 nati-

2055 5541 2181 5604 gaut
2217 5533 2595 5589 detrimentum
2636 5532 2826 5599 affert;
2885 5550 3008 5590 cum
3064 5540 3239 5588 autem
3294 5536 3635 5605 gubernator,

2058 5624 2323 5681 universas
2351 5624 2473 5680 navi
2502 5625 2727 5681 exitium
2759 5625 2987 5679 accersit
3011 5670 3025 5694 ,
3059 5625 3129 5680 ita
3172 5626 3333 5680 etiam
3380 5628 3429 5681 in
3476 5638 3637 5694 regno

2061 5731 2161 5772 usu
2200 5717 2379 5784 venit,
2429 5726 2488 5773 ut
2536 5733 2658 5775 cum
2701 5718 2965 5789 quispiam
3006 5734 3226 5787 eorum,
3276 5719 3365 5789 qui
3412 5718 3637 5774 subsunt
