4010 6232
312 350 416 404 589

783 347 943 405 VITA
984 346 1398 405 SANCTORUM
1440 345 1772 402 BARLAAM
1814 338 2142 401 EREMthE
2183 336 2268 393 ET
2309 334 2655 392 JOSAPHAT
2697 332 2899 388 INDUE
2937 330 3160 388 REGIS.

3470 325 3574 382 590

316 468 536 532 peccat,
578 473 686 514 non
736 467 842 514 tam
886 459 1050 514 alium
1097 474 1254 526 quam
1299 458 1532 527 seipsum
1577 457 1770 521 laedat;
1814 456 1896 510 sin
1927 458 1976 516 Λ
2004 451 2193 522 quibus
2222 448 2456 503 olIensus
2485 446 2645 500 fueris
2672 443 2880 513 injuriae
2910 455 3199 496 memorem
3227 447 3275 492 te
3304 438 3579 506 prrebeas;

316 561 494 606 autem
539 565 635 605 rex
681 552 796 618 ipse
825 558 1042 617 peccet,
1076 556 1240 601 totum
1273 562 1494 617 regnum
1525 543 1809 601 labefactat
1837 558 1899 598 ac

327 644 655 699 detrimento
688 641 872 696 afficit.
903 641 1252 709 Quapropter,
1297 649 1353 692 ut
1391 640 1633 709 ingentes
1664 637 1900 690 rationes

321 732 651 795 redditurus,
683 732 728 785 si
760 730 890 800 quid
917 745 1100 785 eorum
1132 745 1247 798 qua:
1276 742 1410 797 opus
1449 729 1555 781 sint
1597 727 1900 794 praetermi~

327 839 485 888 seris,
517 837 710 891 tuagno
735 820 910 875 studio
941 835 1236 890 magnaque
1265 834 1390 873 cura
1423 819 1648 887 teipsum
1680 817 1734 870 in
1765 818 1903 871 bono

322 914 566 978 custodi,
598 913 920 979 voluptatem
949 925 1160 965 omnem
1191 910 1256 962 ad
1286 918 1562 976 peccatum
1607 918 1658 960 te
1697 915 1902 971 pertra-

325 1011 540 1064 hentcm
571 1008 694 1062 odio
725 1007 1012 1061 insectare.
1041 1003 1131 1057 Ait
1163 1004 1303 1056 enim
1335 1000 1623 1069 Apostolus
1649 1017 1664 1054 :
1710 1000 1903 1052 Pacem

323 1101 602 1156 sectamini
642 1113 762 1152 cum
807 1096 1091 1158 omnibus,
1131 1104 1185 1149 et
1224 1093 1701 1148 sanctificationem
1730 1133 1745 1157 ,
1785 1092 1905 1147 sine

334 1206 434 1260 qua
468 1204 626 1244 nemo
653 1188 853 1241 videbit
884 1187 1046 1241 Deum
1081 1184 1236 1255 (lIeb.
1267 1183 1389 1254 xtt).
1425 1183 1619 1238 Rerum
1653 1184 1909 1237 humana-

327 1296 445 1336 rum
487 1279 746 1334 circulum
787 1275 1184 1339 animadverte,
1225 1290 1332 1343 quo
1371 1283 1525 1342 pacto
1563 1273 1813 1328 videlicet
1853 1276 1906 1326 in

331 1373 518 1427 orbem
572 1370 838 1434 volvatur,
891 1367 1022 1420 alias
1064 1374 1223 1434 atque
1269 1365 1402 1420 alias
1449 1365 1554 1419 alio
1603 1375 1761 1434 atque
1806 1363 1910 1416 alio

328 1465 486 1518 modo
517 1477 610 1517 eas
639 1461 816 1516 ferens
847 1473 910 1513 ac
941 1469 1232 1526 torquens;
1268 1456 1507 1525 illudque
1539 1456 1720 1520 stude,
1766 1466 1821 1509 ut
1859 1457 1909 1508 in

335 1556 481 1608 varia
513 1567 697 1608 earum
730 1551 1023 1605 mutatione
1052 1549 1197 1618 pium
1227 1548 1461 1601 animum
1492 1556 1799 1602 constanter
1828 1561 1912 1600 re—

331 1647 524 1700 tineas.
574 1642 850 1711 Siquidem
883 1655 989 1694 una
1017 1655 1137 1694 cum
1168 1640 1328 1695 rebus
1356 1640 1707 1702 commutari,
1739 1638 1914 1693 dubia:

333 1746 498 1806 atque
529 1734 792 1788 instabilis
824 1732 1016 1787 mentis
1044 1743 1409 1800 argumentum
1438 1740 1540 1786 est.
1568 1731 1649 1785 Tu
1679 1745 1806 1786 vero
1831 1729 1914 1786 fac

2004 555 2187 595 verum
2209 554 2328 593 cum
2353 538 2466 605 ipse
2490 543 2824 604 peccatorum
2848 541 3060 586 tuorum
3083 529 3291 583 veniam
3321 527 3577 595 postules,

2006 637 2071 690 iis
2095 635 2253 690 etiam
2284 632 2372 700 qui
2405 632 2456 685 in
2486 639 2538 685 te
2565 636 2786 697 peccant
2813 627 3050 696 ignosce.
3085 623 3404 680 Remissioni
3435 625 3580 678 enim

2010 733 2257 787 remissio
2286 727 2629 797 rependitur;
2661 733 2714 778 et
2743 725 2786 778 si
2817 737 2939 777 cum
2982 720 3178 774 nostris
3216 715 3490 773 conservis
3530 717 3585 770 in

2010 827 2236 896 gratiam
2288 822 2596 884 redeamus,
2650 815 2907 870 Dominus
2954 827 3162 884 quoque
3201 827 3349 866 suam
3393 810 3444 863 in
3493 824 3592 864 nos

2013 913 2346 969 iracundiam
2388 911 2722 978 comprimet.
2771 905 2840 960 At
2879 913 3066 959 contra
3111 911 3289 957 nostra
3339 901 3593 956 adversus

2012 1023 2107 1061 eos
2133 1005 2223 1075 qui
2255 1001 2452 1072 aliquid
2486 1001 2539 1054 in
2580 1013 2680 1053 nos
2721 997 3054 1052 admiserunt
3091 994 3298 1047 saevitia
3335 992 3435 1046 hoc
3473 991 3594 1044 effi-

2013 1099 2118 1165 cit,
2152 1106 2208 1151 ut
2238 1095 2469 1164 peccatis
2501 1091 2698 1146 nostris
2731 1089 2873 1143 nulla
2905 1087 3054 1141 venia
3086 1085 3346 1138 tribuatur
3374 1081 3589 1153 (Matth.

2018 1185 2202 1255 xvtu).
2235 1180 2692 1251 Quemadmodum
2724 1179 2875 1232 audis
2904 1175 3158 1245 quidnam
3189 1174 3262 1227 illi
3290 1174 3378 1242 qui
3406 1171 3592 1226 decem

2017 1280 2334 1333 talentorum
2401 1275 2570 1329 millia
2626 1272 2856 1327 debebat
2895 1268 3178 1330 acciderit,
3224 1280 3415 1334 nempe
3453 1263 3596 1332 quod

2018 1371 2087 1423 ob
2135 1383 2284 1423 suam
2338 1369 2390 1422 in
2440 1379 2754 1420 conservum
2807 1360 3207 1425 crudelitatem,
3259 1356 3390 1410 tanti
3437 1355 3598 1410 debiti

2019 1460 2350 1515 exactionem
2405 1457 2501 1512 sibi
2554 1455 2654 1524 ipsi
2707 1452 2993 1507 renovarit.
3047 1452 3225 1516 Quare
3276 1462 3599 1518 magnopere

2021 1551 2178 1606 nobis
2221 1548 2606 1618 providendum
2649 1555 2761 1610 est,
2804 1559 2871 1598 ne
2917 1544 3018 1597 hoc
3060 1556 3268 1612 quoque
3306 1540 3459 1594 nobis
3497 1553 3600 1593 usu

2021 1645 2217 1699 veniat.
2250 1640 2385 1708 Quin
2419 1638 2594 1707 potius
2634 1636 2866 1690 debitum
2910 1648 3069 1688 omne
3106 1631 3476 1694 remittamus,
3523 1640 3601 1682 at-

2023 1750 2128 1806 que
2157 1747 2372 1789 omnem
2400 1732 2530 1785 iram
2562 1744 2592 1784 e
2621 1738 2836 1798 pet-tore
2865 1724 3140 1794 ejiciamus
3162 1767 3175 1790 ,
3207 1730 3265 1776 ut
3291 1720 3441 1776 nobis
3467 1733 3603 1789 quo-

336 1827 392 1882 in
420 1828 619 1880 virtute
653 1826 835 1878 firmus
865 1823 968 1889 sis,
1003 1837 1066 1878 ac
1095 1837 1314 1891 prorsus
1341 1823 1626 1878 stabilitas.
1665 1822 1746 1878 Ob
1785 1832 1918 1877 tem—
1948 1834 1997 1894 Β
2025 1843 2128 1898 que
2175 1826 2337 1880 multa
2387 1833 2567 1879 nostra
2615 1821 2791 1876 debita
2832 1819 3191 1874 remittantur.
3239 1815 3439 1868 Praeter
3490 1812 3605 1866 hac

334 1919 606 1990 porariam
637 1929 692 1972 et
724 1917 973 1971 caducam
1003 1915 1230 1985 gloriam
1276 1915 1418 1970 inani
1466 1924 1672 1970 tumore
1701 1914 1921 1969 minime

347 2010 654 2072 insolesce;
703 2022 922 2072 verum,
977 2013 1258 2073 repurgato
1306 2004 1519 2069 animo,
1570 2013 1773 2058 natura
1821 2012 1922 2055 tuae

342 2098 599 2149 vilitatem
627 2096 818 2163 cogita,
846 2096 1074 2162 vitaeque
1105 2092 1262 2161 hujus
1291 2092 1607 2147 brevitatem
1637 2101 1796 2161 atque
1827 2091 1924 2145 ad-

343 2183 586 2252 junctatn
615 2183 761 2238 carni
795 2191 1020 2236 mortem
1058 2182 1252 2250 cogita.
1285 2181 1410 2236 Haec
1439 2181 1580 2235 enim
1610 2182 1652 2235 si
1679 2181 1925 2236 conside-

345 2287 435 2325 res
455 2312 472 2337 ,
506 2273 557 2326 in
590 2272 891 2341 superbiam
921 2271 1330 2340 haudquaquam
1362 2271 1601 2335 incides,
1633 2273 1726 2326 sed
1760 2272 1926 2325 Deum

344 2374 530 2414 verum
575 2376 636 2416 ac
679 2362 837 2431 330
874 2361 1154 2416 caelestem
1207 2361 1406 2432 Regem
1452 2372 1695 2426 metues,
1746 2363 1930 2430 sicque

349 2450 608 2518 praaclare
639 2465 699 2504 ac
730 2450 956 2503 feliciter
983 2460 1154 2504 tecum
1199 2462 1403 2519 agetur.
1450 2452 1596 2504 Beati
1638 2452 1814 2516 enim,
1842 2451 1930 2504 in-

351 2544 467 2610 quit
496 2542 585 2596 ille
605 2582 620 2606 ,
644 2556 828 2596 omnes
857 2543 944 2610 qui
978 2542 1168 2597 timent
1195 2542 1512 2606 Dominum,
1543 2543 1634 2611 qui
1659 2543 1932 2598 ambulant

353 2633 407 2685 in
439 2632 538 2685 viis
565 2631 678 2699 ejus
715 2630 732 2700 (
759 2628 905 2682 Psal.
939 2645 1124 2685 cxxvu
1146 2630 1189 2699 ).
1222 2633 1299 2686 Ac
1329 2648 1539 2688 rursum
1567 2649 1581 2686 :
1614 2634 1809 2688 Beatus
1850 2635 1933 2688 vir

350 2722 439 2791 qui
472 2723 623 2775 timet
660 2721 978 2787 Dominum,
1025 2723 1080 2775 in
1121 2723 1384 2778 mandatis
1423 2724 1539 2792 ejus
1585 2725 1726 2780 volet
1773 2725 1932 2781 nimis

351 2812 542 2882 (Psal.
572 2812 720 2882 cxt).
760 2812 1017 2879 Quaenam
1057 2822 1233 2868 autem
1265 2830 1373 2883 prae
1410 2817 1620 2872 caeteris
1667 2826 1934 2886 praecepta

352 2905 444 2958 tibi
489 2903 750 2960 servanda
793 2904 938 2969 sint,
980 2903 1145 2957 audi:
1190 2905 1334 2960 Beati
1369 2906 1760 2972 misericordes,
1805 2921 1935 2977 quo-

357 2996 502 3050 niam
534 2995 628 3063 ipsi
657 2994 1078 3049 misericordiam
1104 3006 1498 3066 consequentur
1525 2998 1703 3071 (Luca:
1731 2998 1830 3068 vt).
1859 2999 1938 3055 Ac

356 3101 565 3141 rursum
585 3103 598 3140 :
619 3086 803 3141 Estote
819 3087 1212 3156 misericordes,
1232 3090 1368 3144 sicut
1387 3100 1442 3146 et
1463 3090 1619 3147 Pater
1640 3101 1815 3147 vester
1829 3107 1940 3148 cm-

2024 1919 2202 1973 omnia
2221 1960 2236 1984 ,
2263 1932 2324 1971 ac
2355 1931 2462 1985 pra:
2491 1913 2741 1969 omnibus
2770 1912 2929 1966 rebus
2954 1911 3153 1964 bonum
3185 1906 3482 1975 depositum
3511 1921 3606 1959 cu-
3693 1895 3696 1898 ’

2025 2011 2168 2067 stodi
2189 2052 2202 2075 ,
2237 2010 2340 2062 hoc
2366 2017 2448 2062 est
2478 2005 2618 2074 piam
2648 2002 2772 2057 ﬁdei
2800 2000 3095 2056 doctrinam
3115 2039 3130 2062 ,
3175 1998 3225 2050 in
3259 2010 3360 2065 qua
3391 1993 3608 2048 institu~

2029 2110 2116 2164 tus
2146 2108 2201 2154 et
2230 2099 2467 2151 eruditus
2497 2109 2557 2150 es
2584 2092 2672 2164 (11
2698 2092 2832 2147 Tim.
2867 2106 2882 2143 ι
2907 2090 2946 2160 ).
2982 2087 3218 2157 llludque
3247 2100 3405 2151 cave,
3437 2100 3504 2139 ne
3529 2084 3610 2138 ul-

2027 2162 2144 2244 ium
2193 2186 2414 2242 haeresis
2460 2184 2721 2238 zizaniam
2765 2182 2820 2236 in
2864 2180 3015 2234 vobis
3052 2185 3375 2233 enascatur:
3421 2190 3611 2231 verum

2034 2295 2225 2349 purum
2253 2293 2316 2333 ac
2357 2275 2465 2331 doli
2507 2289 2702 2344 expers
2739 2273 2976 2328 divinum
3017 2285 3199 2325 semen
3237 2281 3524 2333 conserva,
3555 2275 3613 2322 ut

2033 2371 2253 2426 uberem
2301 2375 2460 2437 atque
2502 2367 2733 2434 amplam
2777 2371 3012 2432 segetem
3054 2360 3280 2415 Domino
3320 2357 3612 2422 exhibeas,

2034 2477 2154 2517 cum
2195 2461 2261 2514 ad
2300 2454 2694 2527 exposcendam
2739 2468 2918 2508 rerum
2960 2453 3029 2506 ab
3068 2465 3391 2521 unoquoque
3429 2450 3482 2502 in
3510 2449 3615 2503 vita

2035 2561 2310 2624 gestarum
2364 2548 2626 2603 rationem
2661 2590 2675 2614 ,
2730 2553 3257 2612 consentaneamque
3317 2540 3616 2596 actionibus

2036 2644 2236 2698 nostris
2274 2639 2580 2696 mercedem
2620 2636 2957 2692 referendam
2995 2633 3197 2688 veniet.
3238 2632 3356 2698 Quo
3403 2630 3618 2700 qui-dem

2038 2744 2280 2803 tempore
2306 2731 2434 2800 justi
2468 2729 2743 2799 fulgebunt
2773 2728 2910 2781 sicut
2949 2726 3066 2790 sol,
3109 2724 3399 2778 sceleratos
3438 2728 3619 2774 autem

2039 2826 2211 2895 caligo
2239 2838 2304 2877 ac
2332 2822 2659 2890 sempiterna
2689 2816 2974 2887 ignominia
3003 2816 3194 2871 obruet
3224 2813 3430 2884 (Matth
3459 2826 3556 2866 xm
3575 2812 3616 2879 ).

2041 2916 2118 2970 Ac
2143 2931 2319 2982 nunc,
2350 2930 2384 2968 o
2423 2913 2644 2977 fratres,
2690 2911 2799 2965 Deo
2835 2924 2931 2964 vos
2971 2907 3324 2974 commendo,
3363 2914 3417 2960 et
3456 2905 3618 2959 verbo

2042 3008 2228 3078 gratim
2255 3004 2423 3074 ipsius
2444 3045 2459 3068 ,
2487 3003 2575 3072 qui
2609 3008 2800 3070 potens
2827 3007 2909 3053 est
2936 2996 3386 3067 superaediiicare,
3410 3002 3468 3049 et
3492 2994 3620 3047 dare

2044 3098 2197 3154 vobis
2221 3093 2582 3150 hareditatent
2606 3091 2659 3145 in
2687 3089 3028 3146 sanetiilcatis
3050 3087 3300 3142 omnibus
3328 3085 3466 3156 (Act.
3494 3081 3619 3151 xx).

353 3176 932 3232 lestismisericorsest.
950 3178 1059 3233 Hoc
1075 3181 1216 3234 enim
1233 3189 1555 3250 praeceptum
1571 3183 1712 3237 abiis
1727 3183 1938 3252 potissi-
1963 3196 2011 3259 ο
2118 3189 2243 3244 Hmc
2270 3201 2393 3242 cum
2421 3185 2678 3249 dixisset,
2711 3181 2900 3250 positis
2930 3179 3151 3252 genibus
3189 3177 3331 3244 suis,
3361 3172 3620 3245 quemad-

356 3283 500 3322 mum
523 3282 587 3323 ex
597 3269 829 3335 poscitur
845 3268 933 3339 qui
957 3269 1008 3323 in
1027 3284 1238 3323 summo
1263 3271 1488 3339 imperio
1503 3275 1773 3328 constituti
1790 3283 1933 3330 sunt.

431 3361 509 3412 Ac
545 3372 676 3413 sane
714 3358 803 3427 qui
844 3374 1089 3428 magnam
1133 3361 1423 3428 potentiam
1450 3372 1640 3418 nactus
1669 3374 1780 3430 est,
1812 3379 1935 3418 eum

365 3469 395 3507 ιι
437 3468 542 3522 quo
573 3454 877 3524 hujusmodi
909 3455 1199 3523 potentiam
1230 3457 1436 3525 accepit
1465 3472 1562 3528 pro
1589 3458 1786 3513 viribus
1819 3457 1938 3512 imi-

361 3545 459 3598 tari
489 3544 666 3599 debet.
700 3543 808 3599 llac
841 3560 999 3613 porro
1032 3547 1082 3598 in
1125 3559 1186 3600 re
1227 3545 1392 3600 Deum
1432 3545 1663 3602 maxime
1701 3547 1936 3602 imitabi-

357 3642 466 3703 tur,
490 3633 535 3689 si
562 3634 927 3690 misericordia
953 3634 1082 3688 nihil
1114 3635 1291 3704 potius
1317 3637 1691 3706 antiquiusque
1723 3637 1937 3692 habeat.

357 3723 472 3781 Hoc
499 3726 708 3781 accedit
736 3726 879 3796 quod
907 3727 1149 3781 subditos
1180 3727 1312 3782 nihil
1340 3742 1490 3798 asque
1517 3729 1584 3783 ad
1613 3729 1942 3786 benevolen-

359 3818 484 3872 tiam
524 3817 720 3883 allicit,
763 3825 820 3871 ut
859 3815 1098 3870 beneficii
1139 3816 1309 3886 gratia
1349 3818 1628 3888 egentibus
1665 3833 1939 3875 concessa.

358 3909 491 3966 Nam
533 3909 846 3979 obsequium
890 3907 1019 3963 illud
1059 3908 1197 3979 quod
1240 3924 1308 3964 ex
1350 3919 1494 3965 metu
1535 3912 1725 3978 oritur,
1751 3913 1942 3966 adum-

359 4003 508 4057 brata
535 4012 615 4056 est
642 4002 898 4068 adulatio,
928 4018 1023 4072 per
1049 4002 1228 4057 ﬁctum
1261 4003 1478 4058 honoris
1503 4006 1820 4059 vocabulum
1851 4019 1945 4060 eos

360 4095 446 4162 qui
478 4093 717 4147 animum
750 4093 848 4162 ipsi
890 4093 1174 4161 adjiciunt,
1219 4093 1496 4148 ludificans
1537 4109 1598 4150 ac
1636 4097 1944 4150 ciromscri-

363 4187 516 4240 bens.
549 4186 724 4253 Atque
763 4185 807 4238 is
840 4184 930 4252 qui
964 4183 1128 4239 invito
1153 4185 1330 4238 animo
1360 4194 1539 4252 paret,
1581 4186 1754 4240 oblata
1794 4200 1950 4240 occa-

373 4275 526 4328 sione
571 4275 885 4329 seditionem
930 4275 1166 4339 excitat;
1207 4275 1294 4342 qui
1339 4283 1516 4329 autem
1560 4276 1949 4331 benevolentiae

368 4366 591 4419 vinculis
639 4365 962 4419 constrictus
1014 4373 1244 4428 tenetur,
1290 4365 1496 4419 firmam
1545 4365 1596 4420 ei
1639 4367 1726 4434 qui
1769 4381 1950 4420 rerum

369 4458 570 4526 potitur
599 4457 960 4511 obedientiam
995 4465 1230 4524 praestat.
1273 4455 1402 4521 Quae
1442 4470 1562 4510 cum
1593 4456 1664 4510 ita
1707 4457 1853 4520 sint,
1885 4456 1950 4509 da

2041 3279 2255 3336 modum
2285 3279 2542 3346 scriptum
2574 3282 2686 3336 est.
2716 3289 2836 3328 cum
2877 3271 3124 3342 lacrymis
3165 3282 3375 3324 rursum
3415 3265 3622 3327 oravit,

2042 3381 2202 3440 atque
2239 3379 2534 3423 conversus
2572 3364 2918 3432 Barachiam,
2961 3376 3119 3432 quem
3161 3375 3340 3430 regem
3380 3358 3625 3427 designa-

2044 3471 2174 3529 rat,
2227 3472 2523 3527 omnesque
2574 3471 2666 3510 eos
2723 3456 2812 3525 qui
2872 3453 3182 3522 magistratu
3238 3449 3624 3519 fungebantur,

2043 3551 2380 3607 exosculatus
2411 3555 2511 3602 est.
2544 3546 2677 3600 Tum
2709 3558 2835 3599 vero
2876 3557 2965 3597 res
3010 3541 3263 3610 lacrymis
3299 3553 3428 3593 sane
3467 3537 3626 3606 digna

2045 3643 2293 3714 contigit.
2326 3642 2525 3695 Omnes
2552 3641 2694 3694 enim
2726 3638 2899 3707 ipsum
2931 3634 3336 3688 circumstantes
3367 3630 3510 3701 (non
3539 3642 3627 3683 se-

2046 3751 2144 3792 cus
2181 3750 2245 3788 ac
2285 3733 2330 3787 si
2371 3732 2472 3787 hoc
2511 3731 2768 3786 duntaxat
2802 3726 3076 3790 viverent,
3119 3723 3260 3793 quod
3301 3737 3421 3777 cum
3453 3735 3518 3776 eo
3543 3735 3630 3775 es-

2048 3833 2187 3888 sent,
2203 3839 2264 3878 ac
2281 3823 2435 3877 simul
2459 3829 2616 3889 atque
2635 3819 2703 3874 ab
2718 3833 2782 3873 eo
2799 3817 3252 3886 disjungerentur,
3276 3815 3437 3868 vitam
3465 3812 3628 3868 amis-

2049 3914 2160 3970 suri
2187 3913 2401 3982 essent)
2424 3910 2551 3982 quid
2580 3923 2686 3963 non
2713 3909 2966 3963 dicebant
2993 3905 3133 3975 quod
3160 3905 3225 3958 ad
3252 3904 3494 3960 ciendam
3525 3904 3630 3958 mi-

2050 4003 2400 4058 sericordiam
2448 3998 2783 4071 pertineret?
2813 4005 2906 4052 aut
2945 3996 3072 4066 quid
3112 3995 3484 4063 relinquebant
3525 4009 3633 4062 quo

2050 4108 2236 4148 eorum
2287 4093 2461 4147 luctus
2507 4089 2693 4158 augeri
2738 4085 2959 4157 posset?
2986 4087 3160 4155 Ipsum
3184 4084 3633 4140 exosculabantur

2054 4199 2104 4242 et
2142 4186 2662 4254 complectehantur,
2707 4182 3005 4248 mentisque
3046 4180 3272 4246 impotes
3312 4193 3420 4246 pra:
3449 4176 3632 4230 dolore

2053 4289 2226 4336 erant.
2263 4280 2352 4333 Vm
2388 4277 2574 4342 nobis,
2606 4275 2940 4338 clamabant,
2972 4287 3129 4341 quam
3156 4272 3301 4340 gravi
3332 4268 3634 4323 calamitate

2054 4369 2434 4440 opprimimur!
2464 4367 2746 4421 Dominum
2771 4380 2890 4419 eum
2915 4362 3271 4431 appellabant,
3300 4369 3523 4428 patrem,
3548 4372 3634 4411 sa-

2055 4462 2180 4517 lutis
2210 4470 2514 4525 auctorem,
2543 4459 2680 4513 bene
2711 4459 2778 4512 de
2807 4471 2865 4511 se
2893 4456 3162 4510 meritum.
3190 4453 3293 4507 Per
3320 4461 3401 4519 te,
3433 4451 3637 4521 inquie—

367 4562 583 4616 operatn
611 4555 667 4599 ut
691 4545 965 4615 egentibus
997 4543 1166 4597 facilis
1195 4545 1260 4596 ad
1294 4554 1345 4598 te
1372 4559 1621 4599 accessus
1643 4546 1743 4610 sit,
1775 4543 1946 4614 iisque
1978 4570 2026 4629 ι)
2057 4553 2216 4617 bam,
2268 4552 2362 4608 Dei
2411 4550 2769 4620 cognitionem
2813 4547 3150 4615 accepimus,
3197 4559 3378 4598 errore
3427 4542 3639 4599 liberati

365 4639 454 4706 qui
497 4638 670 4705 inopia
714 4637 1110 4701 conflictantur,
1157 4649 1314 4689 aures
1360 4645 1462 4689 tum
1503 4644 1746 4704 pateant,
1794 4645 1851 4689 ut
1892 4645 1947 4689 tu

366 4743 582 4799 quoque
615 4737 825 4794 apertas
868 4726 959 4781 Dei
1003 4742 1161 4780 aures
1191 4728 1450 4782 invenias.
1482 4728 1612 4781 Nam
1641 4729 1823 4797 quales
1854 4744 1951 4783 nos

370 4822 519 4888 ipsos
550 4817 827 4871 conservis
855 4817 1242 4884 prmhuerimus
1263 4859 1278 4882 ,
1313 4820 1469 4873 talem
1501 4819 1658 4872 etiam
1690 4833 1811 4886 erga
1854 4835 1949 4874 nos

372 4911 658 4963 Dominum
694 4910 1062 4962 nancisccmur
1089 4951 1102 4973 ,
1137 4919 1190 4962 et
1229 4910 1678 4978 quemadmodum
1722 4911 1953 4965 audieri-

373 5014 528 5063 mus,
563 4997 866 5062 audicmur,
898 5007 950 5052 et
979 4999 1421 5067 quemadmodum
1451 5000 1771 5067 viderimus,
1813 5018 1840 5055 a
1873 5002 1952 5056 di-

327 5075 332 5082 A
371 5093 496 5146 vino
522 5099 576 5144 et
605 5089 841 5143 omnium
872 5103 1049 5143 rerum
1078 5099 1426 5157 conspectore
1451 5091 1606 5144 oculo
1633 5091 1948 5146 videbimur.

373 5182 731 5249 Quamobrem
764 5188 889 5234 ante
921 5179 1341 5234 misericordiam
1375 5181 1795 5235 misericordiam
1827 5197 1954 5236 con-

374 5272 606 5326 feramus
630 5313 644 5336 ,
678 5280 734 5325 ut
761 5270 936 5325 simile
965 5284 1059 5338 per
1090 5268 1264 5324 simile
1292 5272 1633 5338 recipiamus.

446 5366 583 5431 Quin
625 5364 786 5417 etiam
832 5361 971 5416 aliud
1017 5376 1229 5433 quoque
1273 5371 1595 5429 praeceptum
1637 5378 1755 5417 cum
1799 5377 1957 5428 snpe-

377 5460 520 5512 riore
561 5457 664 5512 isto
703 5455 1042 5525 conjunctum
1065 5497 1079 5518 ,
1112 5453 1318 5524 ipsique
1345 5463 1625 5522 cognatunt
1653 5454 1774 5509 audi
1808 5472 1822 5508 :
1866 5454 1956 5508 Di-

380 5550 602 5615 mittite,
630 5559 684 5604 et
712 5549 1010 5604 dimittetur
1038 5545 1214 5602 vobis.
1248 5546 1399 5612 Quod
1431 5547 1475 5600 si
1509 5562 1614 5602 non
1644 5546 1961 5602 retuiseritis

383 5640 693 5700 hominibus,
715 5641 909 5696 delicta
953 5641 1186 5709 ipsorunt
1207 5680 1220 5701 .
1252 5654 1351 5694 nec
1380 5640 1537 5694 Pater
1565 5650 1741 5694 vester
1769 5639 1961 5695 cmles-

375 5727 446 5787 iis
475 5746 690 5802 peccata
723 5743 901 5789 vestra
933 5734 1081 5792 vobis
1111 5734 1364 5790 remittet.
1409 5733 1489 5792 0b
1518 5733 1674 5803 idque
1715 5749 1782 5791 ne
1824 5734 1889 5791 iis
1933 5748 1963 5788 a

2059 4658 2277 4711 sumus,
2311 4644 2378 4697 ab
2409 4643 2655 4696 omnibus
2685 4640 2842 4694 malis
2882 4639 3307 4708 conquievimus.
3351 4636 3486 4703 Quid
3527 4637 3638 4706 jam

2061 4733 2216 4787 nobis
2259 4740 2378 4800 post
2416 4731 2713 4786 discessum
2757 4741 2904 4784 tuum
2947 4728 3181 4783 futurum
3222 4730 3344 4783 est?
3383 4728 3639 4794 Quaenam

2067 4823 2204 4876 mala
2238 4837 2336 4876 nos
2365 4820 2665 4889 arripient?
2711 4821 2835 4874 Haec
2873 4835 2994 4874 cum
3020 4820 3288 4885 dicerent,
3324 4829 3536 4887 pectora
3569 4819 3644 4875 fe-

2063 4914 2274 4966 riebant
2295 4952 2311 4974 ,
2344 4926 2570 4979 eamque
2596 4925 2716 4979 quae
2741 4924 2835 4964 eos
2861 4909 3132 4965 invaserat
3160 4910 3519 4964 calamitatem
3550 4912 3645 4966 de-

2065 5005 2366 5072 plorabant.
2423 5000 2490 5056 At
2540 5002 2627 5056 ille
2675 5000 3028 5055 consolatoria
3078 5001 3323 5055 oratione
3373 5002 3640 5070 ingentem

2064 5107 2250 5146 eorum
2283 5091 2540 5158 ejulatum
2568 5091 2962 5159 comprimens,
3005 5090 3132 5144 illud
3175 5091 3544 5159 pollicebatur,
3586 5109 3646 5148 se

2065 5186 2351 5254 (quoniam
2381 5199 2609 5251 corpore
2631 5184 2740 5253 jam
2772 5199 2875 5238 non
2908 5184 3145 5254 poterat)
3171 5185 3359 5253 spiritu
3389 5173 3648 5240 cukillis

2066 5277 2200 5332 fore.
2236 5276 2346 5330 Hoc
2387 5290 2638 5330 sermone
2678 5277 2886 5340 habito,
2929 5277 3294 5347 spectantibus
3331 5280 3580 5334 omnibus
3617 5295 3647 5334 e

2067 5370 2260 5438 palatio
2286 5368 2540 5432 excedit;
2589 5384 2653 5423 ac
2695 5371 2874 5424 statim
2916 5384 3104 5425 omnes
3146 5370 3430 5439 desperato
3471 5372 3648 5426 reditu

2066 5475 2188 5514 eum
2220 5459 2604 5530 sequebantur,
2637 5470 2795 5530 atque
2823 5476 2887 5516 ex
2920 5463 3086 5527 urbe,
3117 5471 3176 5517 ut
3200 5479 3357 5532 quam
3384 5464 3493 5532 jam
3520 5478 3650 5518 con~

2067 5553 2277 5620 spicere
2306 5551 2527 5606 minime
2559 5561 2815 5620 possent,
2851 5553 3245 5625 profugiebant.
3294 5555 3648 5623 Posteaquam

2068 5654 2243 5697 autem
2270 5657 2299 5698 e
2325 5643 2540 5698 civitate
2567 5645 2768 5716 egressi
2795 5657 2948 5713 sunt,
2974 5648 3063 5702 vix
3087 5649 3299 5701 tandem
3326 5655 3484 5715 atque
3508 5658 3650 5711 aegre

2069 5733 2245 5792 acrius
2268 5748 2368 5815 eos
2400 5732 2521 5818 ipso
2560 5734 2911 5826 admonente,
2943 5746 3104 5816 atque
3132 5737 3291 5794 etiam
3321 5732 3648 5806 asperiorem
