4010 6228
418 334 514 391 591

1458 342 1547 397 DE
1590 343 1759 402 VITIS
1798 343 2080 404 PATRUM
2123 349 2323 408 LIBER
2365 353 2634 411 PRIMUS.

3582 372 3691 427 εςςιε

417 446 686 505 interdum
726 447 1150 519 objurgationem
1180 450 1501 524 adjungeute
1524 496 1537 519 ,
1570 456 1638 512 ah
1664 471 1730 512 eo
1757 457 1999 514 distracti
2030 472 2078 526 Α
2106 466 2389 533 contortis,
2422 468 2474 522 in
2504 469 2743 525 intimam
2781 473 3122 531 solitudinem
3158 491 3217 533 se
3244 482 3580 550 contulisset,
3607 498 3689 543 at-

416 549 575 607 sunt,
613 549 774 611 atque
817 542 967 597 inviti
1006 546 1438 615 revertebantur,
1487 548 1773 605 identidem
1813 552 1998 607 oculos

414 632 756 688 reﬂectentes
777 673 792 700 ,
819 633 976 704 331
1005 648 1068 688 ac
1095 635 1322 702 pedibus
1351 636 1489 690 inter
1515 638 1888 695 ambulandum
1919 642 2000 696 of-

351 754 354 756 -
415 721 719 777 tendentes.
747 721 1002 776 Nonnulli
1031 732 1208 778 autem
1241 739 1307 780 ex
1336 726 1402 781 iis
1431 728 1519 795 qui
1552 728 1857 785 ferventiori
1883 732 1998 786 ani-

348 866 352 869 .
369 849 379 880 ,—
413 828 503 867 mo
532 813 736 882 praediti
766 821 948 880 erant,
980 813 1222 882 lugentes
1252 816 1460 871 eminus
1491 817 1666 887 ipsum
1696 821 1996 890 sequeban-

365 910 382 941 ’κ
407 915 518 970 tur,
550 905 897 974 quoadu5que
931 918 1038 958 nox
1072 904 1260 960 oborta
1287 920 1382 961 eos
1411 907 1548 963 inter
1577 922 1638 964 se
1663 910 1942 979 disjunxit.

490 994 616 1049 Car.
659 994 924 1049 XXXVII.
962 1022 1032 1035 —
1063 995 1367 1052 Generosus
1391 999 1546 1067 igitur
1569 998 1657 1053 ille
1681 1003 1763 1054 vir
1781 1018 1848 1056 ex
1878 1003 1994 1056 aula

409 1099 656 1154 egressus
704 1092 809 1152 est,
841 1083 1062 1153 perinde
1108 1085 1259 1140 Ianus
1300 1095 1460 1155 atque
1488 1089 1702 1156 alacris,
1763 1100 1821 1144 ut
1870 1107 1991 1146 cum

408 1174 672 1242 quispiam
701 1188 733 1227 e
757 1174 1045 1243 longinquo
1075 1187 1137 1229 ac
1165 1175 1420 1230 diuturno
1449 1178 1649 1231 exsilio
1681 1179 1736 1232 in
1767 1182 1990 1248 patriam

411 1279 472 1318 se
503 1266 686 1319 refert.
714 1265 888 1333 Atque
913 1273 1134 1321 externe
1158 1266 1370 1335 quidem
1401 1283 1492 1323 eas
1522 1270 1713 1339 quibus
1742 1274 1816 1326 uti
1844 1273 1989 1327 sole-

407 1355 515 1420 bet,
547 1363 724 1407 vestes
746 1353 988 1422 gerebat,
1011 1354 1219 1410 interne
1238 1367 1416 1411 autem
1440 1359 1671 1414 cilicium
1694 1360 1825 1415 illud
1845 1364 1988 1430 quod

407 1445 650 1499 Barlaam
670 1446 771 1513 ipsi
795 1447 937 1501 dono
953 1447 1192 1502 dederat.
1215 1448 1382 1504 Porro
1411 1461 1567 1506 nocte
1591 1453 1680 1507 illa
1711 1454 1763 1506 in
1787 1470 1986 1523 paupe-

405 1538 478 1591 ris
495 1536 773 1606 cujusdam
792 1538 891 1590 viri
909 1539 1283 1593 domunculam
1295 1555 1355 1595 se
1370 1541 1676 1608 conferens,
1697 1557 1873 1600 vestes
1896 1560 1987 1601 eas

405 1633 598 1702 quibus
625 1634 842 1687 indutus
881 1643 998 1688 erat
1026 1634 1228 1703 abjicit,
1271 1644 1712 1708 postremumque
1738 1640 1867 1696 illud
1897 1641 1989 1697 be-

403 1726 651 1780 neficium
674 1727 849 1795 egenti
875 1726 1074 1780 tribuit.
1105 1727 1342 1797 Cumque
1363 1729 1429 1783 ad
1458 1731 1599 1784 hunc
1624 1732 1840 1788 modum
1873 1741 1983 1788 tum

403 1818 545 1872 illius
571 1825 684 1872 tum
721 1818 1014 1872 multorum
1040 1819 1267 1874 aliorum
1297 1836 1593 1890 pauperum
1615 1825 1861 1893 precibus
1891 1825 1984 1880 Dei

403 1924 558 1979 apem
586 1920 748 1978 atque
791 1909 1053 1964 auxilium
1081 1911 1183 1965 sibi
1228 1912 1532 1979 accivisset,
1565 1915 1788 1984 ejusque
1816 1917 1985 1985 gratia

394 2013 454 2060 et
483 2003 730 2072 praesidio
778 2009 1031 2072 tanquam
1071 2003 1260 2058 salutis
1307 2005 1630 2060 vestimento
1678 2021 1743 2062 ac
1782 2007 1986 2063 laetitiae

402 2097 558 2166 pallio
587 2110 707 2152 sese
745 2096 1031 2165 induisset,
1083 2097 1152 2151 ad
1201 2096 1497 2152 solitariam
1527 2099 1688 2153 vitam
1729 2103 1984 2166 excessit,

402 2204 503 2245 non
536 2203 749 2258 panem,
783 2205 887 2244 non
915 2203 1133 2258 aquam,
1163 2204 1270 2245 non
1320 2189 1610 2260 quidquam
1655 2191 1797 2248 aliud
1827 2207 1892 2248 ex
1921 2175 1986 2249 iis

401 2297 519 2349 quae
558 2281 626 2335 ad
661 2281 857 2336 victum
886 2281 1187 2337 necessaria
1233 2292 1359 2337 sunt
1386 2297 1569 2338 secum
1616 2283 1815 2353 ferens,
1868 2287 1985 2342 nul-

401 2372 617 2437 lumque
639 2370 781 2424 aliud
812 2369 1182 2426 indumentum
1232 2384 1452 2442 gerens,
1484 2383 1681 2443 praeter
1732 2390 1984 2446 aSperum

398 2462 531 2516 illud
556 2462 819 2528 cilicium,
849 2464 1054 2533 dequo
1097 2463 1257 2532 paulo
1297 2472 1424 2520 ante
1472 2468 1803 2523 mentionem
1858 2469 1980 2524 feci.

403 2553 614 2606 Etenim
641 2553 903 2622 singulari
923 2553 1152 2621 quodam
1174 2553 1465 2620 desiderio,
1493 2570 1556 2610 ac
1577 2554 1758 2612 divino
1779 2558 1985 2612 immor.

403 2643 519 2697 talis
551 2643 690 2710 regis
717 2640 916 2698 Christi
959 2657 1143 2699 amore
1183 2644 1418 2712 saucius,
1453 2653 1566 2700 toto
1615 2646 1796 2702 animo
1823 2647 1877 2702 in
1928 2647 1982 2702 id

394 2731 540 2803 quod
556 2728 1150 2800 amabatincumhebat,
1171 2741 1312 2790 totus
1334 2743 1490 2789 extra
1511 2749 1571 2790 se
1589 2745 1794 2806 raptus,
1810 2751 1874 2792 ac
1901 2737 1983 2793 di-

402 2823 598 2878 vinitus
631 2825 956 2888 immutatus,
981 2825 1181 2893 Deique
1223 2827 1486 2883 charitate
1533 2831 1678 2884 omni
1709 2845 1777 2886 ex
1829 2842 1981 2902 parte

400 2923 701 2984 correptus.
731 2913 907 2969 Fortis
951 2915 1118 2983 enim,
1165 2917 1337 2987 inquit
1365 2918 1475 2984 ille,
1521 2919 1658 2974 sicut
1714 2936 1859 2977 mors
1901 2922 1981 2978 di-

399 3007 554 3063 lectio
585 3006 762 3078 (Cant.
791 3008 926 3076 viti).
957 3007 1182 3062 Tantam
1231 3009 1474 3065 videlicet
1503 3009 1619 3079 ipse
1672 3027 1739 3067 ex
1794 3012 1978 3067 divino

400 3116 585 3156 amore
614 3101 975 3156 temulentiam
997 3110 1366 3168 contraxerat,
1398 3111 1651 3174 tantaque
1677 3105 1767 3160 siti
1788 3117 1980 3162 aestua-

399 3193 506 3254 bat,
539 3192 707 3246 instar
735 3191 938 3247 scilicet
953 3192 1094 3246 illius
1113 3190 1203 3262 qui
1228 3192 1437 3248 dicebat
1467 3210 1481 3247 :
1515 3197 1971 3260 Quemadmodum

400 3281 672 3336 desiderat
710 3295 899 3337 cervus
930 3283 996 3337 ad
1027 3282 1203 3337 fontes
1252 3297 1532 3352 aquarum,
1585 3286 1660 3340 ita
1709 3287 1977 3344 desiderat

397 3374 574 3428 anima
606 3387 726 3428 mea
751 3373 817 3428 ad
835 3373 1084 3437 te,Deus.
1123 3374 1304 3429 Sitivit
1329 3375 1506 3430 anima
1546 3391 1667 3432 mea
1717 3379 1785 3432 ad
1811 3380 1975 3434 Deum

398 3464 602 3520 fontem
625 3464 800 3519 vivum
834 3462 1008 3533 (Psat.
1044 3465 1179 3533 xu).
1220 3464 1288 3518 Et
1317 3464 1763 3536 quemadmodum
1799 3470 1975 3526 anima

397 3555 510 3625 illa,
565 3570 686 3626 quae
729 3555 1036 3627 hujusmodi
1086 3555 1351 3611 charitate
1401 3559 1675 3614 vulnerata
1731 3570 1866 3631 erat,
1921 3562 1975 3617 in

396 3648 619 3703 Cantico
635 3646 965 3702 canticorum
994 3647 1069 3701 ait
1093 3663 1106 3702 :
1141 3646 1424 3703 Vulnerata
1446 3650 1709 3706 charitate
1736 3665 1836 3721 ego
1854 3666 1973 3708 sum

399 3742 572 3812 (Cant.
606 3741 690 3810 tt).
722 3742 800 3794 Ac
823 3754 1033 3794 rursum
1066 3757 1080 3792 :
1114 3740 1348 3796 Ostende
1402 3742 1534 3796 mihi
1587 3744 1776 3799 faciem
1806 3754 1971 3814 tuam,

394 3843 450 3888 et
471 3830 560 3888 fac
592 3846 676 3887 me
704 3830 889 3886 audire
919 3845 1106 3886 vocem
1136 3839 1276 3886 tuam
1304 3847 1318 3897 ;
1359 3846 1459 3887 vox
1488 3833 1632 3889 enim
1663 3845 1751 3890 tua
1779 3836 1971 3904 dulcis,

394 3934 449 3980 et
470 3924 639 3979 facies
671 3934 759 3977 tua
789 3923 1003 3978 decora.

465 4011 700 4080 Hujusce
723 4015 867 4068 omni
899 4028 1149 4069 sermone
1196 4017 1579 4084 prmstantioris
1624 4021 1975 4089 pulchritudi-

394 4103 478 4158 nis
502 4103 702 4157 Christi
733 4103 1016 4169 desiderio,
1050 4113 1297 4174 tanquam
1333 4109 1454 4178 igne
1503 4112 1734 4180 quodam
1787 4114 1840 4168 in
1872 4131 1970 4185 pe-

389 4206 540 4250 ctore
565 4205 804 4263 accepto,
828 4197 1186 4264 aposmlorum
1209 4198 1425 4265 chorus,
1471 4216 1534 4255 ac
1557 4215 1850 4274 martyrum
1879 4223 1970 4277 ag-

388 4288 555 4354 mina,
599 4286 778 4340 omnia
825 4301 888 4341 ea
916 4301 1035 4356 qua:
1080 4288 1248 4344 oculis
1295 4302 1584 4347 cernuntur
1634 4306 1971 4368 contempse-

387 4389 536 4449 runt,
562 4387 723 4449 atque
768 4378 916 4433 omni
956 4379 1080 4435 huic
1109 4380 1265 4435 fluxa:
1309 4390 1366 4437 et
1411 4384 1625 4440 caducae
1657 4388 1782 4442 vitae
1815 4394 1969 4444 innu-

386 4487 536 4529 mera
565 4481 957 4526 tormentorum
1011 4481 1068 4526 et
1123 4473 1312 4527 mortis
1353 4489 1547 4544 genera
1597 4482 1963 4550 innumerum,

385 4565 583 4622 divinae
614 4562 1022 4636 pulchritudinis
1051 4579 1234 4621 amore
1255 4566 1562 4638 flagrantes,
1596 4579 1756 4640 atque
1776 4573 1965 4643 ingen-

380 4669 489 4715 tem
515 4659 609 4714 Dei
642 4657 804 4714 Verbi
830 4672 956 4729 erga
981 4673 1078 4713 nos
1103 4673 1339 4716 amorem
1363 4676 1484 4716 cum
1516 4665 1708 4719 animis
1741 4667 1854 4722 suis
1876 4683 1960 4725 re-

379 4761 653 4820 putantes.
680 4751 831 4805 llunc
860 4750 1035 4819 ignem
1079 4765 1199 4805 cum
1225 4752 1514 4821 praeclarus
1544 4758 1728 4820 etiam,
1748 4775 1811 4814 ac
1840 4775 1959 4814 cor-

375 4859 509 4914 pore
537 4845 748 4916 quidem
775 4843 986 4911 nobilis,
1011 4853 1266 4900 cmterum
1296 4847 1452 4920 longe
1481 4850 1740 4908 nobiliore
1762 4868 1825 4909 ac
1854 4871 1960 4910 ma-

373 4939 456 5007 gis
498 4939 648 5008 regio
677 4938 858 4993 animo
909 4939 1162 5008 praeditus
1191 4940 1271 4994 vir
1307 4941 1359 4996 in
1410 4944 1589 5012 seipso
1636 4950 1954 5017 accepisset,

373 5041 591 5086 terrena
620 5032 796 5086 omnia
844 5047 1064 5101 prorsus
1111 5044 1444 5103 aspernatur,
1479 5053 1666 5094 omnes
1714 5044 1954 5112 corporis

371 5121 673 5190 voluptates
701 5124 994 5191 proculcat,
1025 5139 1156 5195 opes
1177 5135 1230 5180 et
1256 5127 1478 5196 gloriam
1507 5138 1663 5199 atque
1692 5132 1952 5191 humanos

379 5213 611 5267 honores
632 5227 728 5282 pro
757 5213 924 5269 nihilo
954 5216 1121 5284 ducit,
1146 5219 1389 5274 diadema
1413 5230 1465 5275 et
1495 5237 1782 5290 purpuram
1818 5227 1951 5295 abji-

372 5304 467 5371 cit,
496 5318 811 5359 aranearum
840 5305 963 5361 telis
992 5308 1178 5362 viliora
1209 5325 1269 5363 ea
1315 5312 1649 5380 existimans,
1680 5326 1841 5386 atque
1881 5319 1947 5374 ad

367 5395 548 5451 omnia
576 5395 709 5450 dura
736 5407 786 5451 et
812 5397 1004 5452 acet-ba
1037 5402 1349 5456 monasticae
1383 5405 1510 5458 vitm
1539 5407 1712 5460 studia
1762 5424 1946 5478 prom-

363 5500 456 5562 pto
483 5489 664 5545 animo
687 5504 808 5546 sese
836 5491 1015 5557 tradit,
1038 5493 1164 5548 illud
1194 5495 1490 5553 Psalmistzc
1518 5500 1792 5558 clamans:
1835 5506 1946 5560 Ad-

366 5583 520 5640 hmsit
549 5582 725 5638 anima
752 5597 869 5637 mea
901 5592 1021 5653 post
1074 5591 1147 5651 te,
1189 5601 1222 5641 o
1267 5585 1499 5660 Christe,
1548 5593 1805 5664 suscipiat
1858 5611 1944 5653 me

361 5676 579 5733 dextera
608 5685 695 5730 tua
729 5673 895 5746 (Paul.
929 5674 1078 5745 uti).
1379 5673 1386 5679 ’

427 5769 668 5842 Ciunque
694 5768 759 5827 ad
784 5768 925 5825 hunc
977 5767 1216 5838 modum,
1247 5770 1414 5828 oculis
1441 5787 1472 5827 a
1523 5784 1670 5848 tergo
1717 5780 1940 5837 minime

2102 569 2206 623 que
2237 556 2562 613 caducarum
2606 576 2786 617 rerum
2835 565 3238 638 confusionem,
3283 578 3536 641 tanquam
3576 592 3692 634 mo-

2102 647 2443 706 lestissimam
2481 656 2768 723 quamdam
2818 659 3080 713 sarcinam
3129 670 3182 715 ct
3225 674 3469 720 catenam
3496 683 3688 726 excus-

2100 740 2283 808 sisset,
2338 744 2529 813 spiritu
2580 749 2878 816 ltetabatur,
2908 753 3273 822 conjectisque
3306 757 3357 810 in
3390 758 3684 826 Christum,

2099 833 2250 901 cujus
2278 834 2550 892 desiderio
2589 838 2832 906 ardebat,
2887 843 3054 896 oculis
3078 883 3093 907 ,
3146 843 3212 897 ad
3259 859 3405 911 eum,
3434 855 3682 919 tanquam

2097 925 2163 978 ad
2197 937 2511 993 praesentem
2534 938 2693 998 atque
2736 932 2901 1000 ipsius
2931 948 3111 987 vocem
3140 935 3448 991 audientem
3489 941 3684 996 clama-

2098 1016 2208 1082 bat,
2239 1031 2470 1086 eumque
2489 1020 2876 1090 alloquebatur,
2903 1023 2983 1076 his
3007 1025 3253 1081 videlicet
3279 1029 3458 1084 verbis
3488 1044 3678 1088 utens:

2095 1108 2172 1162 Ne
2192 1109 2325 1176 jam,
2350 1125 2556 1179 quaeso;
2582 1127 2616 1167 o
2649 1114 2892 1182 Domine,
2920 1119 3105 1172 oculus
3129 1133 3280 1174 meus
3305 1120 3527 1191 hujusce
3557 1128 3680 1183 vita:

2096 1198 2232 1254 bona
2263 1202 2466 1267 videat;
2499 1218 2597 1258 nec
2646 1218 2881 1272 praesens
2921 1207 3126 1262 vanitas
3170 1221 3407 1267 mentem
3445 1229 3620 1270 meam
3650 1233 3678 1271 a

2092 1300 2341 1360 suscepto
2371 1293 2558 1348 itinere
2581 1294 2890 1361 abstrahat;
2924 1312 3132 1366 verum,
3164 1300 3392 1358 Domine
3418 1306 3512 1371 mi,
3554 1322 3678 1361 ocu-

2091 1376 2172 1433 los
2213 1396 2362 1436 meos
2407 1384 2775 1452 spiritualibus
2822 1386 3073 1457 lacrymis
3113 1389 3297 1459 imple,
3353 1408 3680 1465 gressusque

2091 1487 2239 1527 meos
2265 1472 2456 1542 dirige,
2501 1476 2865 1545 famulumque
2894 1485 3038 1531 tuum
3071 1477 3316 1535 Barlaam
3368 1483 3498 1538 mihi
3529 1499 3679 1539 com-

2091 1573 2353 1619 monstra.
2397 1565 2545 1631 Mihi,
2580 1566 2817 1636 inquam,
2848 1582 2970 1622 eum
3004 1584 3097 1638 per
3143 1586 3305 1641 quem
3352 1575 3484 1628 mihi
3533 1577 3680 1632 salus

2090 1665 2245 1723 parta
2299 1665 2383 1710 est
2412 1657 2657 1722 ostende,
2703 1669 2757 1712 ut
2800 1660 3052 1714 solitariae
3094 1676 3158 1717 ac
3210 1667 3529 1721 monasticae
3557 1668 3681 1724 vitat

2089 1747 2448 1802 sinceritatem
2483 1761 2574 1817 per
2605 1753 2776 1818 ipsum
2808 1750 3101 1819 addiscam,
3135 1768 3197 1808 ac
3228 1773 3334 1811 non
3365 1759 3432 1811 ob
3463 1759 3678 1816 hostilis

2090 1837 2214 1893 belli
2262 1840 2575 1907 imperitiam
2620 1843 2673 1894 in
2725 1841 2965 1897 fraudem
2999 1844 3239 1901 inducar.
3289 1849 3360 1901 ita
3390 1850 3535 1916 mihi,
3569 1851 3673 1906 Do-

2091 1932 2255 1994 mine,
2279 1930 2419 1983 viam
2450 1946 2622 1985 meam
2648 1934 2906 2000 nancisci,
2936 1948 3033 2002 per
3070 1948 3224 2003 quam
3273 1947 3324 1992 te
3375 1938 3662 2008 adipiscar,

2086 2023 2335 2091 quoniam
2366 2023 2541 2076 anima
2573 2037 2689 2076 mea
2735 2024 2810 2076 tui
2841 2023 3112 2079 desiderio
3137 2027 3312 2082 saucia
3353 2039 3456 2096 est,
3509 2039 3672 2100 teque

2088 2114 2277 2169 salutis
2307 2113 2504 2167 fontem
2532 2114 2787 2169 ardenter
2827 2115 2958 2170 sitit.

2159 2207 2284 2260 Huc
2310 2221 2492 2262 secum
2527 2217 2787 2277 perpetuo
2815 2209 3082 2273 volvebat,
3117 2218 3275 2281 atque
3305 2212 3369 2266 ad
3397 2212 3564 2267 Deum
3596 2212 3673 2267 lo-

2087 2298 2370 2367 quebatur,
2406 2313 2500 2365 per
2529 2302 2825 2353 orationem
2849 2313 2911 2354 ac
2939 2300 3374 2356 sublimissimam
3429 2313 3670 2358 conteru-

2087 2389 2374 2457 plationem
2405 2389 2504 2459 ipsi
2533 2403 2656 2445 sese
2705 2390 3053 2461 conjungens.
3097 2395 3271 2462 Atque
3303 2396 3371 2447 ita
3420 2406 3673 2449 contento

2086 2497 2274 2552 gressu
2305 2494 2536 2551 ereptum
2570 2484 2672 2538 iter
2701 2484 3114 2552 exsequebatur,
3159 2483 3226 2538 ad
3266 2486 3440 2540 locum
3465 2502 3586 2540 eum
3617 2487 3668 2540 in

2084 2589 2190 2643 quo
2218 2575 2458 2628 Barlaam
2488 2576 2718 2644 degebat
2763 2577 3048 2644 pervenire
3073 2576 3424 2630 contendens.
3477 2577 3668 2630 l-lerbis

2091 2680 2252 2734 porro
2280 2667 2343 2720 iis
2374 2681 2490 2735 qua:
2533 2668 2584 2720 in
2617 2670 2831 2721 deserto
2859 2668 3160 2722 existebant
3190 2668 3454 2723 alebatur.
3488 2669 3669 2738 Neque

2083 2759 2250 2822 enim,
2283 2758 2467 2825 utjam
2500 2773 2528 2811 a
2562 2772 2647 2812 me
2677 2771 3153 2812 commemoratum
3183 2768 3284 2824 est,
3317 2770 3508 2827 praeter
3546 2773 3667 2813 cor-

2085 2862 2181 2916 pus
2211 2863 2271 2902 ac
2299 2863 2501 2916 pannos
2528 2849 2649 2904 illos
2693 2850 2886 2919 quibus
2937 2849 3152 2905 indutus
3194 2859 3336 2918 crat,
3381 2851 3663 2922 quidquam

2080 2941 2223 2995 aliud
2249 2956 2432 2996 secum
2458 2940 2681 2997 ferebat.

2153 3035 2420 3091 Caeterum
2445 3051 2565 3090 cum
2593 3037 2841 3106 exiguum
2868 3051 2929 3090 ac
2952 3037 3144 3091 nullius
3168 3035 3384 3091 omnino
3409 3036 3662 3090 momenti

2079 3128 2275 3182 victum
2307 3143 2371 3183 ex
2403 3128 2583 3183 herbis
2612 3129 2710 3182 sibi
2744 3136 2973 3196 pararet,
3023 3141 3176 3197 aqua:
3201 3127 3415 3194 penuria
3448 3140 3664 3195 prorsus

2001 3236 2047 3297 ο
2080 3221 2379 3288 laborabat,
2404 3222 2545 3292 quod
2573 3222 2826 3277 videlicet
2869 3222 3098 3276 solitudo
3146 3222 3234 3275 illa
3281 3235 3433 3290 aqua:
3474 3234 3666 3289 expers

2082 3324 2245 3368 esset.
2280 3313 2411 3366 Cum
2443 3313 2603 3381 igitur
2631 3314 2746 3367 sole
2794 3313 2897 3371 iam
2928 3313 3027 3367 sub
3059 3312 3333 3367 meridiem
3379 3311 3667 3365 vehemen-

2083 3412 2164 3457 ter
2188 3403 2408 3457 ardente
2447 3403 2552 3456 iter
2607 3401 2826 3468 faceret,
2880 3403 3253 3458 vehementius
3281 3402 3352 3457 ob
3395 3409 3582 3456 aestum
3610 3405 3665 3454 in

2079 3490 2226 3546 arida
2257 3494 2476 3562 regione
2504 3493 2591 3547 siti
2638 3479 2919 3563 il'agrabat,
2959 3503 3118 3563 atque
3165 3503 3402 3549 extrema
3458 3501 3511 3546 et
3538 3503 3663 3561 gra-

2080 3582 2297 3638 vissima
2327 3599 2562 3640 aerumna
2600 3586 2910 3640 vexabatur.
2963 3586 3164 3641 Verum
3213 3585 3476 3656 cupiditas
3504 3594 3662 3640 natu-

2079 3692 2194 3732 ram
2225 3678 2490 3745 vincebat,
2550 3693 2613 3733 ac
2665 3681 2784 3734 sitis
2828 3694 2892 3734 ea
2944 3680 3122 3734 divina
3173 3695 3272 3751 qua
3326 3678 3660 3736 afficiebatur

2077 3771 2193 3826 sitis
2222 3785 2372 3840 aqua:
2404 3771 2669 3826 flammam
2695 3772 2988 3827 minuebat.

2149 3864 2217 3916 At
2239 3877 2368 3916 vero
2399 3863 2488 3917 ille
2515 3861 2640 3916 boni
2671 3863 2917 3919 inimicus
2947 3872 3001 3919 et
3027 3863 3241 3919 invidus
3269 3864 3534 3932 diabolus,
3564 3866 3660 3922 hu-

2070 3951 2306 4020 jusmodi
2335 3953 2499 4006 animi
2528 3953 2824 4008 institutum
2853 3964 3010 4023 atque
3033 3970 3199 4026 usque
3227 3957 3360 4011 adeo
3382 3957 3655 4012 ardentem

2075 4045 2242 4113 ipsius
2293 4061 2417 4115 erga
2471 4045 2638 4101 Deum
2698 4047 3015 4102 charttatcm
3066 4049 3435 4118 indignissimo
3476 4051 3654 4105 animo

2072 4135 2405 4204 perspiciens
2435 4178 2450 4201 ,
2498 4137 2693 4190 multas
2741 4138 2842 4207 ipsi
2896 4139 2950 4192 in
3002 4139 3290 4194 solitudine
3336 4144 3656 4197 tentationcs

2074 4227 2367 4293 excitabat,
2392 4228 2555 4297 regia:
2586 4228 2837 4282 nimirum
2868 4229 3036 4299 ipsius
3069 4231 3255 4299 gloria:
3286 4231 3655 4300 splendidissi-

2073 4333 2281 4387 mmque
2333 4319 2494 4389 332
2537 4319 2829 4374 satellitum
2880 4335 3098 4387 manus,
3152 4337 3254 4392 qua
3303 4322 3472 4392 ipsius
3517 4324 3654 4378 latus

2071 4411 2211 4479 cingi
2238 4413 2468 4478 solebat,
2499 4422 2661 4481 atque
2690 4414 2983 4468 amicorum
3007 4415 3135 4469 item
3164 4425 3218 4470 et
3238 4417 3518 4485 aequalium
3543 4432 3655 4472 me—

2073 4503 2296 4557 moriam
2324 4502 2424 4573 ipsi
2452 4501 2744 4571 refricans;
2771 4503 3007 4576 illudque
3035 4507 3161 4560 item
3190 4509 3287 4576 ipsi
3318 4509 3387 4563 ob
3414 4509 3650 4563 animum

1994 4608 2398 4670 Dproponens,
2428 4596 2665 4648 omnium
2710 4596 2919 4650 animas
2973 4611 3040 4652 ex
3071 4597 3239 4666 ipsius
3291 4599 3468 4652 anima
3523 4614 3650 4666 pen-

2071 4685 2220 4748 dere,
2248 4699 2311 4737 ac
2335 4683 2570 4752 reliquas
2603 4683 2837 4754 denique
2859 4686 2990 4740 alias
3023 4688 3245 4756 hujusce
3271 4689 3392 4744 vitae
3417 4689 3652 4747 oblecta—

2070 4773 2240 4829 tiones
2271 4774 2372 4843 ipsi
2403 4774 2684 4843 objiciens.
2714 4775 2792 4830 Ac
2817 4777 3012 4833 deinde
3044 4779 3254 4834 virtutis
3280 4782 3646 4849 aSperitatem,

2066 4875 2228 4934 atque
2251 4863 2494 4934 ingentes
2517 4866 2634 4936 ejus
2663 4867 2888 4923 sudores
2916 4869 3017 4938 ipsi
3049 4872 3403 4940 praponebat,
3455 4887 3648 4944 corpo-

2064 4955 2143 5009 ris
2165 4955 2292 5010 item
2324 4955 2741 5012 imbecillitatem
2771 4967 2827 5013 et
2869 4959 3175 5030 inexpertas
3205 4971 3367 5032 atque
3413 4963 3650 5019 insuetas

2064 5061 2354 5115 aerumnas,
2381 5056 2436 5104 et
2456 5050 2715 5119 temporis
2747 5050 3216 5123 longinquitatem,
3241 5069 3303 5110 ac
3324 5068 3648 5124 praesentem

2057 5139 2175 5197 sitis
2192 5143 2619 5211 oppressionem,
2651 5146 2902 5216 quodque
2951 5147 3093 5202 nulla
3146 5163 3213 5204 ex
3258 5161 3412 5219 parte
3456 5166 3648 5206 001180-

2056 5233 2184 5289 latio
2215 5235 2326 5290 ulla
2368 5235 2468 5306 ipsi
2497 5237 2856 5305 exspectanda
2908 5250 3087 5306 esset,
3139 5248 3232 5294 aut
3271 5242 3403 5295 tanti
3445 5241 3648 5297 laboris

2053 5335 2322 5398 tantaeque
2351 5328 2681 5400 fatigationis
2713 5330 2852 5385 linis.
2901 5334 2979 5385 Ac
3023 5332 3252 5402 denique
3290 5336 3559 5405 ingentem
3592 5337 3643 5390 in

2050 5419 2220 5488 ipsius
2243 5421 2444 5487 animo,
2472 5423 2920 5492 quemadmodum
2943 5425 3172 5493 quodam
3203 5425 3322 5482 loco
3351 5427 3418 5482 de
3447 5445 3644 5497 magno

2049 5511 2282 5588 Antonio
2314 5513 2581 5582 proditum
2613 5523 2719 5582 est,
2752 5514 3134 5584 cogitationum
3185 5519 3459 5588 pulverem
3493 5537 3640 5575 cont—

2049 5585 2316 5657 movebat.

2123 5693 2187 5749 Ut
2211 5703 2389 5751 antem
2417 5697 2924 5755 adlabefactandum
2956 5700 3122 5770 ipsius
3145 5703 3306 5758 animi
3333 5703 3636 5758 institutum

2047 5784 2368 5847 imbecillem
2392 5792 2562 5850 hornis
2579 5793 2670 5850 ille
2687 5807 2745 5850 se
2774 5793 2902 5849 vidit
2921 5793 3218 5862 (Christum
3241 5795 3382 5852 enim
3403 5798 3515 5868 ipse
3534 5799 3634 5854 sibi
