4010 6252
360 275 461 330 59$

825 270 986 326 V'lTA
1022 267 1433 324 SANCTORUM
1479 267 1808 324 BABLAAM
1851 266 2187 326 EREMITIE
2230 268 2315 324 ET
2354 268 2708 324 JOSAPHAT
2745 269 2956 326 ιΝῡιΑῐ
2997 271 3221 329 REGIS.

3514 274 3621 330 591a

360 393 429 448 ob
443 387 683 446 animum
707 401 1034 457 proponens,
1054 394 1212 456 atque
1236 385 1401 452 ipsius
1429 384 1693 439 desiderio
1719 384 1929 438 inﬁam-
1959 381 2011 440 Δ
2040 381 2287 437 nimirum
2313 384 2399 438 hic
2427 399 2640 454 quoque
2663 385 2828 438 animi
2870 385 3038 454 ipsius
3065 385 3370 439 ﬁrmitatem
3396 399 3459 442 ac
3485 397 3622 445 stre-

357 492 554 548 matus,
583 496 790 551 speque
819 479 1032 550 egregie
1057 478 1423 544 conﬁrmatus,
1469 494 1532 532 ac
1589 480 1693 532 ﬁde
1749 477 1935 532 subni-

352 589 476 642 xus,
508 573 652 628 illius
678 573 959 627 instinctus
986 581 1041 627 et
1082 572 1301 625 consilia
1331 587 1430 639 pro
1462 571 1627 626 nihilo
1662 570 1933 637 ducebat),

353 664 562 735 pudore
590 662 824 716 suﬁ’usus
849 671 952 730 est,
980 669 1166 729 utpote
1186 661 1251 716 ad
1283 662 1535 729 primum,
1561 670 1617 715 ut
1643 661 1747 715 dici
1777 662 1937 725 solet,

354 758 612 827 impetum
645 762 962 824 prostratus.
992 755 1327 822 Quapropter
1365 755 1587 809 alteram
1618 754 1757 808 viam
1804 754 1939 807 inire

355 849 517 918 etrapit
541 848 762 916 (multas
791 847 985 916 quippe
1017 845 1118 914 ipsi
1174 845 1288 900 vitii
1340 846 1561 902 semitas
1617 845 1825 914 habet),
1876 860 1939 900 ac

355 941 518 996 variis
544 940 770 1009 spectris
811 954 933 992 eum
958 946 1206 993 evertere
1227 947 1386 1007 atque
1438 937 1490 991 in
1541 946 1742 992 metum
1768 936 1938 1006 conji-

354 1046 477 1087 cere
500 1030 788 1085 nitebatur.
811 1028 1214 1096 Nonnunquam
1254 1027 1396 1081 enim
1424 1037 1538 1081 ater
1563 1026 1684 1094 ipsi,
1731 1034 1787 1080 ut
1831 1034 1934 1088 est,

354 1121 675 1192 apparebat;
703 1133 1082 1188 nonnunquam
1129 1131 1316 1172 rursus
1360 1116 1661 1172 districtum
1703 1117 1937 1187 gladium

357 1223 561 1276 tenens,
577 1211 762 1266 ineum
780 1211 1034 1276 impetum
1048 1207 1295 1274 faciebat,
1309 1223 1473 1275 seque
1491 1222 1635 1270 eum,
1652 1207 1750 1261 nisi
1763 1222 1941 1276 quam.

355 1305 583 1372 primum
611 1302 680 1358 ab
710 1302 953 1357 instituto
993 1301 1221 1356 resiliret
1251 1341 1266 1364 ,
1295 1314 1671 1370 percussurum
1699 1298 1939 1353 minaba-

355 1403 459 1448 tur.
490 1393 819 1460 Quandoque
854 1406 1037 1446 rursus
1075 1391 1341 1445 variarutn
1379 1390 1667 1444 bestiarum
1710 1391 1934 1446 formam

357 1483 592 1548 subibat,
641 1483 898 1538 adversus
941 1483 1110 1551 ipsum
1150 1481 1364 1551 rugiens
1396 1495 1461 1536 ac
1511 1496 1762 1550 perquam
1811 1483 1938 1536 hor-

350 1573 574 1630 rendum
597 1574 854 1644 mugitum
880 1581 936 1627 et
963 1571 1244 1641 strepitum
1272 1571 1471 1634 edens;
1501 1582 1661 1641 atque
1690 1573 1850 1626 etiam
1881 1571 1934 1627 in

351 1664 606 1740 draconis
635 1673 689 1720 et
727 1664 927 1734 aspidis
953 1673 1006 1718 et
1060 1662 1230 1733 reguli
1277 1663 1501 1718 formam
1541 1678 1662 1719 sese
1709 1663 1934 1719 subinde

2039 473 2297 527 nuitatem
2329 475 2667 542 explorante.
2721 475 2797 528 Ac
2826 474 2927 541 sic,
2979 476 3079 529 sub
3118 475 3206 528 dio
3237 475 3456 545 degens,
3511 485 3620 532 tum

2039 565 2574 633 :estuconﬁagrabat,
2623 574 2735 619 tum
2765 564 2961 634 frigore
2998 564 3294 634 obrigebat,
3353 571 3622 633 praestau—

2044 653 2303 708 tissimum
2337 655 2485 708 illum
2511 670 2693 709 senem
2719 654 2861 709 velut
2884 656 3167 724 quemdam
3187 655 3418 724 ingentis
3460 658 3617 724 pretii

2039 748 2345 802 thesaurum
2362 761 2603 816 quaarere
2618 762 2884 815 nunquam
2905 746 3284 800 intermittens.
3310 745 3497 800 Multas
3512 761 3622 813 pur-

2037 853 2101 894 ro
2119 840 2490 908 pestiferorum
2515 839 2797 908 spirituum
2823 840 3165 905 tentationes,
3189 839 3424 892 acmulta
3441 839 3622 906 prmlia

2039 929 2359 994 sustinebat,
2379 929 2684 996 multosque
2700 931 2823 984 item
2846 928 3078 997 labores,
3100 930 3170 984 ob
3190 929 3495 994 herbarum,
3515 930 3624 998 qui-

2039 1019 2138 1074 bus
2166 1019 2233 1074 de
2263 1035 2413 1075 more
2455 1019 2749 1085 victitabat,
2797 1019 3069 1089 penuriam
3102 1020 3434 1088 perferebat;
3481 1036 3619 1091 quo-

2043 1113 2181 1166 niam
2211 1113 2415 1168 scilicet
2440 1112 2536 1167 has
2559 1126 2770 1182 quoque
2795 1112 3024 1167 solitudo
3047 1127 3108 1166 ea
3131 1121 3187 1166 ut
3213 1128 3331 1183 quae
3355 1113 3621 1176 siccitate,

2039 1202 2328 1267 laboraret,
2356 1217 2515 1270 parce
2546 1202 2834 1257 admodum
2878 1202 3214 1270 produceret.
3263 1204 3458 1258 Verum
3497 1205 3626 1260 ada-

2039 1294 2311 1347 mantinus
2333 1303 2491 1363 atque
2522 1293 2749 1348 invictus
2776 1292 2942 1362 ipsius
2965 1293 3203 1361 spiritus,
3233 1308 3416 1350 amore
3444 1310 3506 1349 ac
3530 1295 3623 1350 de-

2039 1385 2237 1440 siderio
2263 1384 2478 1447 ardens,
2505 1381 2808 1453 hujusmodi
2841 1382 3118 1437 molestias
3166 1383 3372 1437 facilius
3422 1385 3626 1440 ferebat

2040 1493 2197 1549 quatn
2228 1477 2318 1531 alii
2347 1478 2644 1546 voluptates
2695 1476 2839 1531 ferre
2867 1477 3102 1530 soleant.
3140 1478 3397 1557 Quocirca
3443 1478 3624 1535 divina

2039 1586 2141 1639 ope
2173 1571 2394 1625 minime
2420 1569 2588 1625 caruit
2611 1587 2624 1636 ;
2646 1584 2832 1625 verum
2861 1569 3154 1623 secundum
3182 1570 3427 1624 dolorum
3458 1570 3624 1640 ipsius

2039 1676 2102 1715 ac
2153 1660 2393 1714 laborum
2447 1658 2843 1715 multitudinem
2897 1658 3075 1727 (Psal.
3125 1661 3326 1728 xxxrv)
3371 1660 3541 1714 allata:
3593 1677 3627 1716 a

349 1737 682 1810 immutabat.
713 1757 783 1810 At
815 1755 1102 1824 praeclarus
1131 1755 1222 1811 ille
1251 1769 1315 1810 ac
1354 1756 1762 1810 strenuissimus
1787 1757 1930 1825 pugil
1962 1737 2010 1796 Β
2037 1750 2272 1817 Christo,
2324 1750 2478 1818 cujus
2517 1749 2806 1818 cupiditate
2855 1749 3151 1818 flagrabat,
3202 1749 3620 1813 consolationes,

351 1848 636 1916 tranquillo
667 1846 846 1901 animo
873 1846 1220 1910 consistebat,
1247 1855 1304 1900 ut
1329 1846 1419 1914 qui
1449 1845 1778 1900 AltiSsimum
1811 1861 1932 1915 pcr-

351 1933 551 2004 fugium
583 1951 738 1990 suum
790 1935 1049 2003 posuisset
1080 1933 1251 2001 (Psaf.
1286 1935 1401 2003 xc).
1447 1937 1525 1989 Ac
1552 1945 1731 1989 mente
1765 1950 1934 1989 excu-

352 2026 507 2090 bans,
533 2025 952 2094 pestiferumque
981 2025 1224 2095 spiritum
1257 2027 1511 2091 irridens,
1539 2027 1749 2080 dicebat
1775 2043 1789 2080 :
1815 2026 1930 2080 Non

354 2128 440 2168 me
466 2111 620 2183 fugit,
652 2129 685 2168 ο
715 2114 992 2184 impostor,
1023 2115 1235 2184 quinam
1265 2117 1360 2182 sis,
1393 2117 1482 2185 qui
1503 2116 1617 2170 hrcc
1648 2117 1700 2170 in
1731 2132 1815 2171 me
1841 2133 1934 2172 ex-

349 2205 484 2258 cites
508 2221 521 2258 :
547 2204 800 2259 nimirum
829 2205 916 2274 qui
941 2203 1052 2274 jam
1081 2205 1204 2260 inde
1225 2206 1292 2260 ab
1329 2205 1477 2259 initio
1499 2205 1802 2260 mortalium
1837 2219 1932 2273 ge-

357 2295 471 2348 neri
518 2296 808 2363 perniciem
859 2295 1136 2362 moliaris,
1175 2311 1276 2351 nec
1325 2311 1558 2365 unquam
1605 2295 1931 2364 improbitati

351 2383 568 2439 studere
596 2401 658 2441 ac
709 2395 1084 2441 nocumentum
1132 2385 1334 2441 inferre
1388 2387 1622 2440 desinas.
1678 2387 1754 2440 Ac
1803 2401 1932 2440 sane

348 2489 507 2544 quam
541 2477 760 2544 pulchre
786 2476 880 2531 tibi
906 2476 989 2529 hic
1014 2476 1225 2530 habitus
1245 2476 1472 2545 quadrat
1497 2477 1511 2530 l
1537 2476 1669 2529 Nam
1693 2478 1794 2530 hoc
1817 2476 1932 2544 ipso

344 2568 484 2638 quod
517 2568 713 2624 bestias
733 2577 787 2622 et
816 2569 1023 2637 reptilia
1045 2569 1293 2635 imitaris,
1319 2569 1512 2624 mentis
1536 2580 1640 2624 tua:
1663 2570 1928 2626 feritatem

343 2670 396 2716 et
425 2661 843 2729 perversitatem,
870 2659 1260 2729 voluntatisque
1288 2660 1352 2714 ad
1389 2674 1582 2714 noxam
1631 2674 1693 2713 ac
1724 2670 1926 2727 pestem

345 2753 674 2810 inferendam
701 2751 1172 2822 promptitudinem
1192 2751 1552 2807 demonstras.
1583 2752 1722 2819 Quid
1747 2751 1926 2821 igitur,

346 2857 376 2896 ο
405 2844 589 2908 miser,
621 2858 679 2897 ea
709 2843 1012 2912 aggrederis
1041 2858 1159 2912 qua:
1185 2843 1452 2898 conficere
1488 2857 1593 2898 non
1626 2844 1822 2913 potes?
1853 2845 1928 2898 Ex

346 2949 449 3003 quo
473 2936 613 2990 enim
641 2933 738 2989 has
768 2942 910 2990 artes
939 2943 1099 3004 atque
1120 2934 1235 2989 haec
1259 2946 1473 3005 spectra
1497 2950 1526 2989 a
1552 2944 1640 2990 tua
1671 2936 1928 3004 improbi-

345 3036 452 3082 tate
488 3027 754 3096 proﬁcisci
804 3029 1064 3096 comperi,
1100 3027 1241 3082 nulla
1279 3027 1386 3097 jam
1418 3027 1542 3084 hinc
1570 3027 1929 3082 sollicitudine

2035 1851 2141 1896 tam
2162 1852 2318 1896 noctu
2341 1856 2496 1910 quam
2510 1841 2600 1894 diu
2614 1841 2848 1894 animum
2873 1840 3039 1908 ipsius
3061 1840 3450 1894 exhilarabant.
3477 1841 3616 1895 Cun-

2037 1933 2176 1986 fecto
2204 1942 2382 1985 autem
2417 1930 2614 1985 biennii
2643 1929 2933 1996 curriculo,
2966 1929 3226 1999 Josaphat
3255 1931 3468 1999 quidem
3501 1947 3619 2002 per-

2038 2032 2198 2091 petuo
2226 2023 2568 2086 circumibat,
2600 2037 2724 2076 eum
2755 2036 2912 2091 quem
2936 2022 3221 2090 expetebat
3243 2037 3508 2091 quaerens,
3539 2032 3618 2076 at-

2034 2131 2140 2186 que
2168 2117 2233 2170 ad
2282 2117 2448 2172 Deum
2483 2116 2744 2187 lacrymas
2774 2115 3010 2170 fluminis
3051 2115 3217 2170 instar
3265 2114 3617 2187 profundens,

2035 2205 2389 2263 meditabatur
2416 2207 2691 2262 clamans:
2718 2205 2949 2261 Ostende
2998 2205 3149 2270 mihi,
3181 2205 3428 2271 Domine,
3461 2207 3617 2276 333

2036 2297 2190 2361 mihi,
2220 2297 2457 2366 inquam,
2493 2311 2614 2351 eum
2654 2294 2912 2362 ostende,
2942 2296 3029 2365 qui
3079 2295 3211 2349 mihi
3262 2297 3336 2349 tui
3389 2298 3621 2350 numinis

2034 2389 2392 2458 cegnitionetn
2423 2403 2486 2443 ac
2508 2397 2652 2442 tanta
2706 2388 2844 2442 bona
2895 2389 3224 2456 conciliavit,
3272 2404 3372 2445 nec
3403 2398 3620 2458 propter

2036 2487 2379 2548 peccatorum
2431 2494 2673 2534 meorum
2715 2478 3110 2535 multitudinem
3154 2488 3300 2535 tanto
3342 2480 3485 2535 bono
3534 2496 3619 2535 me

2035 2573 2214 2639 priva;
2253 2586 2439 2626 verum
2472 2573 2572 2626 hoc
2596 2571 2856 2638 concede,
2912 2580 2973 2626 ut
3008 2579 3061 2626 et
3114 2572 3282 2642 ipsius
3328 2581 3619 2642 conspectu

2035 2661 2202 2725 fruar,
2232 2670 2287 2716 et
2316 2662 2457 2716 idem
2486 2677 2607 2717 cum
2637 2675 2704 2717 eo
2725 2662 2992 2733 religiosa!
3018 2662 3419 2718 exercitationis
3448 2674 3619 2719 certa-

2033 2769 2154 2808 men
2183 2753 2422 2807 subeam.

2106 2847 2197 2901 Dei
2240 2855 2416 2900 autem
2463 2844 2648 2901 favore
2687 2846 2999 2913 speluncam
3051 2846 3338 2916 quamdam
3392 2846 3618 2914 invenit,

2035 2938 2386 3008 pervestigata
2416 2937 2664 2992 videlicet
2703 2951 2891 2992 eorum
2937 2937 3026 3008 qui
3075 2952 3142 2993 eo
3169 2952 3229 2993 se
3272 2937 3621 2994 conferebant

2034 3032 2261 3094 semita;
2291 3039 2452 3099 atque
2493 3030 2813 3085 monachum
2841 3030 3128 3100 quemdam
3158 3031 3456 3086 solitarium
3491 3033 3619 3086 vitaz

346 3118 566 3174 afﬁcior.
603 3117 859 3173 Dominus
906 3119 1037 3174 mihi
1083 3118 1297 3186 adjutor
1332 3134 1347 3172 :
1395 3127 1450 3173 et
1496 3134 1596 3189 ego
1638 3119 1924 3188 despiciam
1951 3115 1998 3176 C
2031 3137 2198 3193 genus
2240 3122 2506 3176 colentem
2536 3121 2897 3190 nanciscitur,
2927 3137 3159 3192 eumque
3209 3125 3446 3178 maximo
3495 3138 3618 3178 cum

346 3211 588 3265 inimicos
614 3225 761 3266 meos
800 3209 974 3281 (Psal.
1019 3212 1215 3280 cxvii).
1270 3211 1333 3265 Et
1379 3225 1540 3279 super
1589 3211 1828 3280 aspidem
1872 3219 1929 3265 et

345 3301 683 3366 basiliscum,
746 3315 972 3371 quorum
1021 3309 1078 3354 tu
1130 3300 1530 3356 similitudinem
1577 3303 1922 3370 expressisti,

346 3394 662 3459 ambulabo,
694 3402 854 3463 atque
883 3393 1081 3448 Christi
1110 3394 1344 3462 potentia
1382 3394 1777 3459 corroboratus,
1817 3396 1926 3449 leo-

346 3499 466 3540 nem
515 3495 570 3540 et
621 3485 909 3540 draconem
955 3485 1281 3541 conculcabo
1323 3485 1494 3556 (Psal.
1529 3486 1641 3554 xc).
1692 3485 1925 3540 Confun-

347 3577 538 3631 dantur
557 3586 611 3632 et
633 3576 955 3632 erubescant
981 3591 1169 3632 omnes
1200 3577 1410 3632 inimici
1433 3577 1561 3644 mei,
1589 3577 1926 3632 confundan-

347 3675 433 3724 tur.
457 3676 512 3722 et
548 3668 869 3722 erubesrant
895 3668 1049 3724 valde
1078 3669 1334 3724 velociter
1362 3666 1534 3734 (Psal.
1563 3670 1659 3738 vt).

416 3757 524 3811 Hac
553 3758 793 3812 oratione
825 3766 1000 3825 utens,
1039 3758 1319 3828 crucisque
1349 3759 1524 3828 signo,
1573 3760 1674 3812 hoc
1713 3767 1797 3814 est
1844 3758 1926 3813 in-

347 3846 503 3902 victis
526 3848 690 3901 armis
718 3847 952 3916 seipsum
984 3848 1228 3920 cingens,
1277 3850 1455 3903 omnia
1486 3849 1683 3904 diaboli
1715 3861 1925 3919 spectra

347 3938 497 3992 irrita
523 3937 773 3994 reddidit.
797 3938 1088 3993 Confestim
1111 3942 1254 3994 enim
1281 3939 1468 3994 bestia:
1505 3955 1568 3994 ac
1606 3940 1812 4009 reptilia
1844 3941 1925 3994 in-

347 4039 456 4083 star
485 4029 612 4083 fumi
642 4038 993 4097 evanuerunt,
1020 4037 1078 4084 et
1119 4031 1256 4085 sicut
1285 4030 1401 4085 ﬁuit
1429 4046 1548 4086 cera
1580 4046 1609 4085 a
1633 4031 1765 4086 facie
1788 4031 1926 4101 ignis

346 4119 514 4187 (Psal.
553 4120 742 4188 van).
777 4120 894 4190 lpse
915 4129 1096 4175 autem
1134 4121 1333 4176 Christi
1362 4121 1598 4190 potentia
1635 4121 1926 4175 conﬁrma-

349 4223 453 4276 tus,
487 4212 609 4266 laeto
632 4215 812 4266 animo
839 4213 1296 4283 proﬁciscebatur,
1329 4212 1548 4282 Deoque
1574 4213 1777 4283 gratias
1806 4228 1928 4283 age-

348 4305 458 4360 bat.
482 4307 550 4359 At
576 4307 739 4361 etiam
770 4307 1076 4375 complures
1118 4321 1181 4361 ac
1221 4306 1381 4360 varia:
1429 4306 1635 4370 bestiae,
1689 4305 1927 4376 variique

347 4397 558 4463 generis
581 4405 858 4465 serpentes
881 4407 934 4452 et
956 4397 1239 4462 dracones,
1271 4413 1406 4468 quos
1450 4398 1686 4452 solitudo
1710 4398 1801 4453 illa
1829 4413 1928 4452 nu-

2028 3213 2191 3267 aniini
2239 3212 2448 3267 fervore
2477 3212 2787 3282 complexus
2815 3221 2871 3268 et
2917 3213 3212 3282 osculatus,
3239 3213 3455 3268 ubinam
3483 3213 3618 3267 Bar-

2029 3304 2166 3358 laam
2208 3303 2492 3370 habitaret,
2537 3303 2930 3369 sciscitabatur,
2979 3303 3245 3373 simulque
3290 3303 3390 3373 ipsi
3435 3319 3611 3360 rerum

2026 3410 2242 3450 suarum
2272 3405 2468 3449 statum
2493 3395 2761 3464 eXposuit.
2792 3394 2924 3450 Cum
2954 3395 3114 3465 igitur
3139 3409 3206 3452 ex
3246 3396 3363 3464 ipso
3393 3395 3480 3449 ubi
3511 3396 3610 3451 viri

2027 3489 2170 3542 illius
2199 3504 2357 3558 quem
2398 3491 2676 3558 qumrebat
2717 3488 2907 3545 domus
2957 3499 3102 3544 esset
3145 3489 3519 3556 intellexisset,
3548 3502 3616 3545 eo

2025 3593 2187 3648 quam
2216 3578 2516 3644 celerrime,
2547 3594 2653 3634 non
2683 3593 2838 3634 secus
2865 3592 2926 3634 ac
2950 3577 3306 3647 peritissimus
3339 3577 3607 3647 quispiam

2029 3678 2250 3724 venatur
2281 3669 2449 3722 feram
2497 3680 2708 3734 nactus,
2739 3684 2800 3724 se
2827 3667 3074 3732 contulit,
3109 3668 3504 3736 peragratisque
3532 3669 3610 3721 ει-

2029 3759 2193 3814 terius
2218 3757 2494 3827 cujusdam
2517 3760 2661 3813 senis
2683 3757 2956 3812 admonitu
2981 3757 3186 3826 aliquot
3216 3771 3464 3825 passuum
3494 3758 3616 3812 niil-

2027 3847 2188 3917 libus,
2212 3850 2360 3904 hctus
2401 3863 2463 3903 ac
2501 3850 2615 3920 spei
2662 3850 2852 3904 robore
2899 3857 3089 3918 septus
3135 3849 3433 3914 incedebat,
3465 3864 3618 3917 a-que

2029 3939 2284 3994 nimirum
2315 3954 2377 3994 ac
2406 3954 2560 4010 puer,
2592 3941 2684 4009 qui
2726 3950 2932 4010 patrem
2975 3954 3133 4010 quem
3161 3939 3479 4010 jampridem
3509 3955 3617 3994 non

2027 4029 2162 4084 vidit
2187 4030 2330 4086 brevi
2353 4046 2413 4086 se
2434 4039 2838 4100 conspecturum
2862 4039 3062 4100 sperat.
3096 4031 3227 4086 Nam
3255 4047 3377 4086 cum
3404 4032 3616 4086 divinus

2030 4135 2182 4174 amor
2208 4120 2443 4174 animum
2474 4121 2642 4176 semel
2671 4121 2962 4186 obsederit,
2993 4121 3161 4176 multo
3200 4122 3378 4177 acrior
3417 4137 3481 4177 ac
3510 4122 3616 4178 fer-

2029 4211 2238 4266 ventior
2267 4224 2333 4266 eo
2356 4225 2476 4267 esse
2505 4211 2642 4268 solet
2669 4213 2757 4281 qui
2790 4227 2821 4266 a
2851 4223 3036 4268 natura
3065 4222 3265 4268 manat.

2103 4311 2257 4366 Astat
2283 4310 2463 4382 itaque
2490 4312 2760 4381 spelunca:
2786 4312 3011 4381 foribus,
3041 4313 3215 4381 iisque
3240 4313 3483 4381 pulsatis,
3511 4312 3610 4367 Be-

2033 4411 2210 4477 nedic,
2240 4412 2530 4482 inquiebat,
2563 4427 2596 4466 o
2623 4422 2789 4483 pater,
2816 4413 3058 4477 benedic,
3084 4414 3323 4482 inquam.
3349 4414 3414 4469 Ut
3435 4422 3613 4468 autem

349 4489 562 4555 triebat,
597 4489 696 4557 ipsi
743 4499 1116 4552 occurrentes,
1151 4503 1258 4546 non
1305 4489 1418 4559 jam
1470 4505 1565 4559 per
1603 4489 1763 4545 inane
1805 4505 1930 4559 spe-

2037 4509 2274 4566 Barlaam
2304 4509 2405 4566 hac
2434 4526 2566 4568 voce
2590 4511 2768 4568 audita
2806 4527 2872 4568 ex
2900 4522 3054 4567 antro
3082 4527 3332 4584 egressus
3359 4524 3474 4578 est,
3495 4528 3617 4570 eum

348 4591 542 4648 ctrum,
571 4580 666 4635 Sed
697 4596 756 4635 re
773 4595 898 4635 vera
921 4581 990 4636 ab
1017 4582 1133 4649 ipso
1156 4581 1534 4635 cernebantur.
1589 4580 1670 4636 Ex
1700 4595 1807 4649 quo
1853 4581 1929 4637 ef-

351 4671 623 4725 ﬁciebatur
653 4681 712 4724 ut
740 4683 910 4727 metus
933 4672 1146 4741 quidem
1171 4687 1234 4726 ae
1256 4672 1452 4728 laboris
1478 4674 1560 4727 via
1587 4673 1742 4742 plena
1762 4681 1927 4741 esset,

349 4761 463 4829 ipse
493 4773 669 4817 autem
701 4772 982 4832 utrumque
1002 4765 1185 4820 animo
1202 4775 1255 4820 et
1283 4766 1605 4837 cogitatione
1625 4775 1928 4835 superaret.

352 4854 482 4907 Nam
515 4864 568 4907 et
602 4866 799 4909 metum
840 4855 1098 4923 cltaritas,
1141 4867 1200 4911 ut
1254 4860 1543 4928 Scriptura:
1576 4858 1757 4914 verbis
1787 4868 1932 4925 utar,

349 4942 493 4998 foras
525 4943 770 4997 mittebat
794 4944 843 5012 (1
870 4942 1025 4998 Joan.
1058 4950 1160 5014 tv),
1187 4957 1242 5001 et
1271 4948 1511 5002 laborem
1564 4950 1828 5017 cupiditas
1857 4949 1932 5003 le-

348 5035 526 5090 vabat.
553 5034 633 5089 Ad
666 5035 805 5088 hunc
833 5035 1012 5105 itaque
1051 5038 1265 5093 modum
1298 5055 1417 5094 cum
1464 5042 1644 5095 multis
1688 5051 1742 5095 et
1771 5041 1933 5096 variis

348 5126 740 5184 calamitatibus
762 5137 816 5182 et
841 5130 1099 5185 aerumnis
1145 5145 1241 5199 per
1269 5132 1385 5186 dies
1411 5131 1550 5187 haud
1593 5147 1792 5202 paucos
1823 5135 1933 5189 col-

351 5220 600 5286 luctatus,
624 5221 690 5274 ad
722 5220 1146 5278 Sennaaritidem
1181 5224 1322 5278 illam
1354 5226 1697 5281 solitudinem
1750 5227 1799 5280 in
1827 5244 1932 5297 qua

354 5313 592 5369 Barlaam
616 5316 888 5374 habitabat
908 5319 1167 5386 pervenit.
1195 5319 1292 5374 Ubi
1314 5321 1474 5376 etiam
1504 5337 1694 5393 aquam
1724 5337 1929 5392 nactus,

349 5404 465 5460 sitis
496 5406 760 5462 ﬂammam
789 5410 1055 5464 restinxit.

422 5494 554 5550 Car.
594 5497 882 5554 XXXVIII.
923 5531 994 5542 —
1030 5498 1288 5570 Josaphat
1326 5510 1501 5560 autem
1534 5504 1802 5560 biennium
1852 5507 1930 5560 in-

351 5594 556 5656 tegrum
587 5588 640 5644 in
671 5589 770 5646 hac
799 5591 1097 5648 vastissima
1129 5593 1420 5649 solitudine
1468 5595 1682 5663 mansit,
1721 5597 1822 5651 huc
1852 5608 1931 5650 at-

351 5695 452 5752 que
476 5680 600 5740 illuc
621 5683 898 5754 oberrans,
943 5701 1043 5744 nec
1091 5686 1429 5745 Barlaamum
1483 5689 1786 5758 inveniens,
1818 5689 1928 5748 Deo

2032 4627 2129 4683 per
2155 4613 2398 4681 spiritum
2429 4614 2662 4684 agnovit,
2687 4616 2776 4684 qui
2803 4613 2872 4667 ob
2899 4614 3266 4669 admirandam
3309 4616 3456 4669 illam
3501 4631 3618 4670 tnu-

2033 4714 2313 4777 tationem,
2344 4727 2448 4780 qua
2477 4728 2506 4767 a
2538 4715 2716 4781 priore
2748 4713 2839 4768 illo
2870 4714 3016 4768 vultu
3041 4730 3103 4770 ac
3125 4715 3346 4772 ﬁnrente
3368 4715 3620 4784 juvenilis

2033 4817 2206 4874 aetatis
2238 4815 2634 4886 pulchritudine
2663 4815 3006 4886 demigrarat,
3036 4816 3102 4871 ab
3134 4827 3377 4872 extremo
3404 4827 3620 4886 aspectu

2032 4919 2120 4973 vix
2150 4919 2363 4991 agnosci
2388 4926 2621 4988 poterat,
2649 4925 2708 4972 ut
2727 4917 2816 4987 qui
2844 4926 2952 4971 tum
2981 4931 3045 4971 ex
3068 4917 3197 4972 solis
3219 4927 3352 4972 testu
3384 4928 3620 4972 atrorcm

2034 5020 2413 5085 contraxisset,
2446 5027 2500 5074 et
2527 5017 2647 5088 pilis
2670 5015 2985 5080 abundaret,
3013 5032 3075 5071 ac
3103 5031 3268 5089 genas
3297 5017 3467 5073 macie
3491 5032 3621 5073 con-

2037 5121 2227 5185 fectas,
2259 5121 2551 5190 oculosque
2576 5119 2683 5174 alte
2712 5119 2996 5189 depressos
3017 5160 3030 5184 ,
3061 5129 3113 5174 et
3141 5119 3420 5188 palpebras
3449 5119 3620 5190 Iacry-

2037 5238 2244 5279 marum
2275 5223 2489 5279 fluentis
2518 5221 2751 5291 undique
2777 5220 3010 5290 attritas,
3040 5233 3198 5292 atque
3227 5221 3424 5293 ingenti
3465 5223 3621 5278 fatuis

2041 5323 2329 5380 afflictione
2356 5331 2597 5392 perustas
2626 5321 2870 5377 haberet.
2912 5322 2982 5377 At
3013 5337 3143 5379 vero
3179 5322 3434 5393 Jusaphat
3465 5325 3623 5394 spiri-

2043 5415 2238 5471 tualem
2287 5425 2490 5485 patrem
2538 5415 2717 5470 statim
2765 5413 3014 5484 agnovit,
3047 5422 3230 5485 utpote
3275 5415 3461 5470 iisdem
3511 5415 3623 5470 oris

2041 5509 2380 5565 lineamentis
2408 5507 2705 5578 praeditum.
2739 5506 3029 5565 Confestim
3053 5508 3227 5580 itaque
3249 5524 3412 5566 senex
3437 5523 3624 5562 versus

2040 5603 2225 5656 Ortum
2265 5610 2434 5665 stans,
2486 5600 2595 5656 Deo
2644 5615 2858 5671 precem
2907 5615 3029 5656 cum
3075 5601 3361 5672 gratiarum
3413 5597 3624 5651 actione
3723 5590 3741 5605 ⁵

2039 5693 2376 5760 conjunctam
2425 5692 2683 5750 adhibuit.
2743 5693 2998 5763 Dictoque
3047 5692 3256 5758 Amen,
3307 5692 3361 5747 in
3409 5695 3629 5744 mutuos
