4010 6224
417 286 521 342 5ῖό

1441 298 1530 355 DE
1571 297 1748 357 VITIS
1788 297 2066 356 PATRL‘M
2107 297 2307 352 LIBER
2349 297 2622 358 PRIMUS.

3580 318 3689 374 596

417 405 693 474 amplexus
715 407 890 462 statim
915 403 1159 476 ruerunt,
1187 410 1491 469 diuturnam
1514 416 1854 484 cupiditatem
1884 416 1999 470 sine
2029 417 2077 472 A
2104 413 2376 481 spirituale
2417 414 2738 484 colloquium
2773 417 3004 473 ηἰῖεΐυηι
3023 464 3036 485 ο
3071 420 3332 479 salum“
3372 439 3435 480 ac
3481 430 3689 488 οωιθεῑί

413 495 520 548 ulla
557 497 800 552 satietate
829 501 1125 569 explentes.

485 587 616 642 Cum
647 599 823 645 autem
854 594 1066 649 abunde
1094 610 1215 652 sese
1253 599 1516 667 complexi
1562 599 1804 667 fuissent,
1837 611 1997 670 atque

415 683 837 752 consultassent,
871 686 1116 742 sedentes
1147 688 1286 742 inter
1331 705 1390 745 se
1423 691 1883 762 colloquebantur.
1920 697 1996 746 Ac

415 786 720 827 sermonem
743 791 966 831 exorsus
990 778 1355 849 Barlaam,’his
1376 784 1554 837 verbis
1574 799 1696 840 usus
1719 795 1826 840 est:
1854 785 1996 839 Prm-

412 865 556 920 clare
577 865 769 932 fecisti,
801 872 887 936 qui
915 871 1014 925 huc
1037 873 1270 939 veneris,
1295 875 1488 930 dilecte
1512 877 1605 940 fili,
1633 878 1726 941 lili,
1759 879 1992 946 inquam,

414 955 533 1021 Dei,
570 973 632 1012 ac
661 959 894 1013 caelestis
925 963 1072 1030 regni
1107 963 1279 1019 lizeres
1310 981 1403 1033 per
1444 967 1723 1021 Dominum
1756 979 1992 1023 nostrum

413 1049 594 1104 Jesum
641 1051 938 1116 Christum,
970 1070 1126 1121 quem
1178 1056 1432 1120 dilexisti,
1476 1069 1636 1126 atque
1683 1063 1896 1115 caducis
1943 1073 1994 1114 et

414 1141 684 1210 fragilibus
715 1144 865 1198 bonis
895 1159 998 1197 non
1039 1146 1134 1200 abs
1165 1161 1225 1200 re
1277 1149 1572 1202 chariorem
1625 1150 1874 1217 habuisti,
1910 1169 1992 1217 ac,

413 1232 685 1298 prudentis
734 1243 786 1286 et
827 1235 1082 1301 sapientis
1129 1241 1444 1292 mercatoris
1494 1240 1698 1303 instar,
1750 1243 1996 1296 omnibus

409 1321 748 1376 facultatibus
780 1326 1033 1390 venditis,
1063 1330 1399 1397 margaritam
1449 1332 1674 1400 pretium
1704 1348 1861 1389 omne
1907 1353 1994 1388 su-

409 1420 684 1477 perantem
710 1415 908 1480 emisti,
940 1431 1001 1469 ac
1029 1417 1337 1473 thesaurum
1363 1423 1448 1489 qui
1479 1423 1675 1491 surripi
1701 1439 1802 1476 non
1829 1428 1996 1493 possit

409 1501 625 1569 (Matth.
657 1505 784 1574 xv),
818 1505 870 1560 in
902 1523 1030 1576 agro
1062 1513 1428 1565 mandatorum
1466 1512 1670 1568 Domini
1713 1517 1994 1570 abscondi-

408 1604 522 1648 tum
554 1607 765 1663 nactus,
799 1600 974 1652 omnia
1006 1601 1220 1666 dedisti,
1253 1619 1352 1657 nec
1399 1607 1470 1659 rei
1504 1606 1592 1659 ulli
1643 1623 1712 1661 ex
1764 1609 1828 1662 iis
1874 1626 1992 1678 qurc

409 1690 518 1757 jam
547 1691 762 1759 jamque
802 1693 1074 1747 eflluxura:
1122 1705 1247 1750 sunt
1295 1698 1610 1766 pepercisti,
1656 1715 1759 1767 quo
1805 1716 1987 1768 agrum

2103 503 2365 570 sapientia
2398 505 2587 573 plenos
2628 521 2906 562 sermones
2936 525 3030 579 per
3069 520 3228 566 totam
3264 527 3474 572 noctem
3503 534 3689 579 conte-

2105 603 2325 661 xentes,
2358 596 2706 665 quoadusque
2733 613 2938 653 aurora:
2968 613 3185 657 exortus
3211 605 3276 658 ad
3306 618 3684 668 consuetarum

2106 696 2288 738 rursus
2318 685 2618 739 orationum
2646 690 2955 743 memoriam
2983 691 3128 760 ipsos
3158 708 3460 752 revocaret.

2174 774 2367 829 Mansit
2393 785 2571 831 autem
2602 779 2666 832 ad
2698 780 2836 837 hunc
2883 785 3093 838 modum
3134 786 3390 845 diuturno
3445 801 3686 865 tempore

2099 877 2220 917 cum
2273 866 2553 920 Barlaamo
2599 868 2873 940 Josaphat,
2922 876 3286 932 admirabilem
3337 880 3476 938 hanc
3529 897 3685 958 atque

2099 956 2329 1009 humana
2360 959 2668 1015 conditione
2699 970 3117 1030 praestantiorem
3164 972 3324 1027 vitam
3353 976 3571 1045 colens,
3601 956 3682 1041 ac

2100 1051 2348 1111 tanquam
2383 1057 2586 1114 patrem
2617 1059 2672 1103 et
2698 1063 3080 1122 praeceptorem
3111 1073 3229 1115 cum
3254 1065 3402 1119 omni
3427 1068 3682 1126 obedien-

2098 1129 2165 1180 tia
2197 1141 2250 1182 et
2282 1130 2579 1188 humilitate
2611 1137 2780 1204 ipsum
2814 1154 3080 1209 sequens:
3112 1145 3192 1200 sic
3222 1149 3503 1219 nimirum,
3531 1167 3586 1211 ut
3614 1160 3678 1214 ad

2095 1231 2256 1271 omne
2311 1219 2524 1273 virtutis
2572 1224 2805 1278 studium
2856 1241 3213 1298 exerceretur,
3242 1247 3404 1306 atque
3452 1260 3678 1310 quonam

2098 1318 2253 1372 pacto
2279 1322 2400 1363 cum
2431 1312 2795 1380 spiritualibus
2824 1326 2879 1372 et
2907 1320 3258 1380 invisibilibus
3290 1331 3566 1398 spiritibus
3603 1338 3679 1392 lu-

2095 1397 2342 1451 ctandum
2371 1409 2532 1464 esset,
2559 1402 2895 1459 educeretur.
2929 1409 3005 1463 Ex
3052 1427 3155 1481 quo
3197 1397 3330 1472 illud
3359 1436 3677 1484 consecutus

2097 1496 2198 1553 est,
2243 1497 2301 1542 ut
2329 1491 2551 1547 vitiosas
2593 1511 2778 1550 omnes
2807 1497 3113 1557 affectiones
3144 1509 3529 1580 exstingueret,
3558 1532 3676 1572 car-

2094 1579 2281 1649 nisque
2308 1583 2554 1638 allectum
2587 1588 2826 1654 Spiritui,
2857 1607 2960 1646 non
2983 1609 3138 1651 secus
3167 1614 3229 1654 ac
3254 1579 3466 1659 servum
3500 1609 3676 1666 domi-

2095 1684 2185 1736 no,
2212 1672 2519 1740 subiiceret,
2564 1678 2874 1736 deliciarum
2915 1689 3148 1743 omnium
3181 1695 3449 1767 animique
3483 1706 3676 1758 remis-

411 1776 557 1832 illum
589 1779 681 1833 tibi
715 1795 1071 1850 comparares.
1105 1783 1202 1840 Det
1231 1786 1322 1841 tibi
1354 1788 1607 1844 Dominus
1635 1805 1731 1859 pro
1760 1791 1915 1846 fluxis
1941 1810 1970 1846 e

2097 1761 2305 1816 sionum
2328 1765 2598 1823 oblivione
2615 1782 2916 1840 caperetur,
2937 1791 3125 1833 somno
3147 1790 3408 1856 tamquam
3424 1791 3672 1862 improbo

409 1867 623 1923 caducis
649 1879 872 1934 aeterna,
897 1886 993 1940 pro
1022 1873 1086 1928 iis
1111 1889 1229 1943 quae
1259 1877 1496 1931 interitui
1520 1880 1746 1935 obnoxia
1778 1891 1901 1935 sunt
1927 1899 1989 1937 ea

405 1955 461 2011 in
488 1972 606 2026 quae
633 1973 730 2012 nec
756 1959 1001 2016 interitus
1033 1977 1128 2017 nec
1156 1974 1391 2021 vetustas
1416 1969 1577 2024 cadit.

481 2047 653 2102 Velim
675 2057 852 2104 autem
881 2051 1009 2106 mihi
1031 2052 1194 2120 dicas,
1226 2055 1558 2126 cbarissime,
1584 2074 1811 2130 quonam
1839 2074 1988 2129 pacto

405 2133 511 2188 huc
538 2137 851 2203 accesseris,
885 2139 1081 2209 quique
1112 2151 1232 2210 post
1261 2143 1556 2201 discessum
1588 2163 1764 2203 meum
1807 2165 1983 2203 rerum

302 2219 312 2232 '
406 2232 619 2280 tuarum
648 2235 818 2282 status
851 2229 1031 2296 fuerit,
1058 2239 1216 2301 atque
1246 2242 1434 2289 tuusne
1457 2244 1607 2305 pater
1633 2239 1797 2295 Deum
1822 2241 1982 2308 norit,

406 2330 473 2368 an
505 2331 629 2370 vero
658 2333 796 2373 nunc
843 2335 1056 2390 quoque
1103 2325 1312 2390 eadem,
1347 2342 1448 2395 qua
1499 2330 1667 2398 prius,
1717 2333 1982 2388 dementia

404 2404 678 2475 abreptus,
711 2422 738 2460 a
768 2408 1067 2465 daemonum
1100 2413 1283 2469 fraude
1311 2427 1469 2485 atque
1498 2419 1786 2489 impostura
1817 2427 1981 2492 capti-

402 2510 501 2550 vus
541 2497 855 2554 abducatur.
908 2501 1030 2557 Haec
1086 2518 1430 2573 percontante
1479 2510 1788 2580 Barlaamo,
1832 2518 1979 2571 Josa-

401 2588 532 2654 phat
554 2589 711 2645 altius
733 2594 957 2660 repetito
980 2609 1247 2666 sermone,
1274 2615 1514 2668 quamam
1542 2605 1640 2658 sibi
1671 2618 1789 2674 post
1815 2609 1980 2676 ipsius

402 2677 698 2746 digressum
749 2683 1123 2752 contigissent,
1158 2703 1420 2760 quamque
1461 2707 1770 2763 prosperum
1820 2700 1978 2756 rebus

401 2782 614 2822 cursum
650 2771 901 2828 Dominus
938 2774 1003 2828 ad
1049 2776 1098 2830 id
1145 2793 1310 2846 usque
1361 2790 1569 2851 tempus
1612 2801 1716 2854 quo
1765 2797 1975 2844 rursum

400 2853 539 2911 inter
568 2873 626 2912 se
653 2862 1029 2918 convenissent
1063 2866 1356 2936 tribuisset,
1390 2853 1658 2940 sigillatim
1705 2881 1973 2946 exposuit.

467 2948 640 3005 Senex
672 2950 851 3022 itaque
882 2955 995 3011 haec
1033 2959 1286 3026 audiens,
1320 2964 1590 3032 voluptate
1633 2969 1785 3024 simul
1818 2983 1976 3042 atque

397 3043 747 3100 admiratione
789 3047 1009 3105 affectus
1039 3060 1148 3117 est,
1177 3056 1515 3127 calentesque
1560 3061 1820 3132 lacrymas
1853 3068 1974 3120 mit-

2096 1853 2362 1922 mancipio
2392 1855 2698 1926 imperaret.
2753 1865 2950 1934 Atque,
2999 1879 3055 1924 ut
3105 1853 3663 1956 brevi'perstringam,

2093 1947 2238 1996 tanto
2266 1944 2443 1999 studio
2487 1948 2538 2000 in
2570 1949 2824 2007 solitariae
2853 1955 2975 2010 vita:
3017 1944 3665 2042 certamen—incmnberat,

2093 2044 2150 2088 ut
2182 2035 2298 2104 ipse
2320 2053 2528 2108 quoque
2557 2040 2822 2111 Barlaam,
2850 2049 2939 2117 qui
2980 2055 3292 2118 permultum
3322 2065 3581 2130 temporis
3611 2067 3668 2122 in

2088 2137 2150 2177 ea
2179 2126 2522 2195 contriverat,
2556 2133 2857 2203 miraretur,
2891 2138 3163 2211 ipsiusque
3191 2126 3497 2208 acrimonia:
3540 2170 3673 2212 con-

2085 2214 2321 2272 cederet.
2350 2218 2630 2277 Tantulum
2653 2227 2793 2281 enim
2821 2228 2938 2284 duri
2969 2232 3110 2288 illius
3131 2245 3289 2307 atque
3308 2245 3670 2304 consolatione

2086 2308 2315 2362 carentis
2342 2310 2445 2365 cibi
2473 2313 2807 2384 admittebat,
2834 2330 2892 2374 ut
2921 2321 3084 2378 vitam
3110 2326 3364 2386 duntaxat
3387 2334 3663 2404 toleraret,

2087 2414 2186 2453 nec
2234 2403 2611 2472 committeret,
2660 2417 2718 2463 ut
2762 2425 2855 2478 per
2901 2414 3040 2470 ultro
3083 2422 3392 2478 accersitam
3442 2438 3664 2484 mortem

2087 2491 2318 2562 pra-miis
2349 2494 2414 2549 iis
2443 2511 2562 2552 sese
2584 2499 2818 2568 orbaret,
2848 2517 2966 2573 quae
2991 2506 3245 2564 virtutum
3272 2515 3438 2570 cultui
3471 2533 3535 2572 ac
3557 2531 3665 2575 stu-

2083 2582 2173 2637 dio
2201 2585 2524 2641 tribuuntur.
2575 2587 2666 2644 Sic
2695 2601 2872 2647 autem
2913 2604 3156 2654 naturam
3205 2609 3476 2663 nocturnis
3505 2626 3664 2666 excu-

2083 2674 2183 2728 biis
2210 2676 2548 2744 subjiciebat,
2577 2694 2638 2734 ac
2658 2681 2701 2734 si
2731 2684 2875 2739 nulla
2907 2688 3124 2746 omnino
3149 2698 3326 2751 carnis
3346 2709 3400 2752 et
3422 2705 3662 2771 corporis

2081 2775 2232 2833 parte
2272 2777 2561 2824 constaret.
2592 2771 2776 2828 Oratio
2801 2790 2963 2844 porro
2993 2793 3310 2851 perpetuum
3335 2789 3499 2858 ipsius
3545 2803 3660 2848 stn-

2079 2858 2225 2912 dium
2255 2869 2371 2914 erat
2398 2879 2408 2912 :
2441 2864 2852 2935 universumque
2881 2871 3002 2924 vitae
3036 2882 3244 2944 tempus
3293 2879 3349 2933 in
3377 2884 3659 2952 spirituali-

2078 2948 2174 3001 bus
2201 2963 2264 3003 ac
2306 2950 2613 3009 etelestibus
2658 2961 3199 3027 contemplationibus
3245 2948 3645 3039 insumebatur;

2078 3040 2213 3095 adeo
2244 3051 2299 3093 ut
2333 3057 2430 3099 nec
2460 3045 2644 3100 horam
2695 3063 2876 3115 unam,
2927 3049 3037 3107 imo
3084 3069 3183 3110 nec
3233 3059 3398 3114 ullum
3443 3067 3656 3121 omnino

396 3144 536 3202 ,ens,
579 3137 786 3193 diceml
813 3156 826 3191 τ
860 3136 1036 3195 Gloria
1065 3144 1158 3198 ubi
1189 3146 1276 3211 sit,
1325 3146 1465 3202 Deus
1512 3161 1715 3221 noster,
1762 3157 1847 3225 qui
1901 3160 1972 3212 mi
2004 3145 2047 3205 ρ
2077 3139 2343 3216 temporis
2376 3148 2648 3206 punctum,
2679 3157 2746 3196 ex
2774 3146 2956 3213 quoin
2987 3162 3047 3202 ea
3077 3152 3362 3208 solitudine
3401 3155 3653 3216 habitavit

395 3243 580 3282 amore
605 3231 841 3296 prieditis
872 3246 1083 3302 semper
1114 3247 1306 3303 praesto
1336 3254 1413 3305 es,
1448 3251 1603 3312 atque
1633 3245 1760 3313 ipsis
1789 3250 1973 3316 opitu-

395 3316 542 3371 laris.
577 3316 751 3372 Gloria
778 3322 898 3387 tibi,
932 3321 1172 3391 Christe,
1201 3327 1317 3382 Rex
1342 3332 1576 3386 omnium
1608 3349 1669 3389 ac
1701 3336 1840 3393 Deus
1878 3355 1972 3408 op-

394 3407 546 3473 time,
569 3411 817 3478 quoniam
839 3413 1067 3483 benigna
1091 3424 1177 3470 tua
1199 3419 1525 3477 voluntasita
1557 3425 1692 3493 tulit,
1713 3439 1768 3482 ut
1788 3407 1969 3486 semen

393 3497 526 3553 illud
556 3499 695 3569 quod
743 3502 794 3556 in
825 3505 965 3560 servi
997 3508 1068 3561 tui
1101 3507 1354 3580 Josaphat
1382 3515 1614 3571 animum
1641 3519 1817 3589 jecisti
1847 3538 1972 3579 cen-

394 3589 701 3658 tuplicatum
751 3591 979 3650 fructum
1007 3597 1257 3669 afferret,
1293 3612 1344 3658 te
1374 3605 1640 3675 videlicet,
1673 3613 1968 3672 animarum

390 3689 691 3738 nostrarum
721 3686 953 3755 agricola
983 3699 1036 3745 et
1066 3691 1290 3750 Domino
1332 3697 1568 3766 dignum.
1617 3702 1800 3761 Gloria
1849 3710 1967 3777 tibi,

391 3768 662 3831 Paraclete
684 3777 819 3834 bone
838 3795 899 3834 ac
915 3785 1248 3842 sanctissime
1271 3787 1518 3860 Spiritus,
1543 3798 1789 3864 quoniam
1811 3816 1967 3872 quam

391 3869 450 3916 tu
477 3868 671 3922 sanctis
703 3870 804 3925 tuis
832 3875 1086 3941 apostolis
1114 3880 1334 3945 gratiam
1361 3883 1609 3952 tribuisti,
1644 3887 1778 3946 hanc
1807 3868 1966 3952 etiam

391 3951 517 4008 huic
536 3955 940 4025 impertiendam
964 3963 1159 4020 duxisti
1188 3984 1200 4019 :
1225 3978 1381 4038 atque
1404 3951 1667 4044 ingentem
1692 3951 1966 4040 hominum

390 4043 782 4102 multitudinem
813 4051 976 4119 ipsius
1005 4068 1163 4125 opera
1211 4043 1581 4129 superstitioso
1622 4085 1807 4129 errore
1834 4076 1965 4132 libe-

391 4133 542 4198 rasti,
574 4148 639 4189 ac
663 4150 788 4190 vera
825 4138 916 4193 Dei
947 4145 1248 4212 cognitione
1278 4150 1571 4209 illustrasti.

461 4224 541 4277 Ad
572 4224 712 4280 hunc
730 4228 943 4283 modum
966 4231 1073 4288 Deo
1102 4237 1168 4289 ab
1189 4247 1412 4308 utroque
1432 4246 1616 4314 gratia:
1637 4251 1962 4321 agebantur;

384 4313 619 4385 ipsisque
670 4317 740 4371 ita
789 4319 926 4375 in'er
955 4338 1013 4378 se
1059 4313 1512 4399 colloquentibus,
1545 4352 1608 4393 ac
1655 4313 1751 4396 Dei
1793 4313 1962 4412 gratia

383 4408 794 4478 exsultantibus,
826 4413 989 4469 adluit
1016 4432 1258 4487 vespera.
1291 4421 1520 4480 Proinde
1551 4429 1615 4483 ad
1665 4408 1959 4492 orationem

2077 3227 2417 3295 deperderet.
2447 3235 2521 3287 Ac
2560 3247 2691 3289 sane
2719 3236 2820 3291 hoc
2849 3239 3064 3294 demum
3095 3259 3221 3298 vere
3262 3251 3540 3304 monastici
3571 3267 3654 3307 or-

2077 3319 2217 3373 dinis
2243 3337 2435 3376 munus
2461 3333 2563 3392 est,
2593 3342 2860 3397 nunquam
2889 3347 2916 3384 a
2946 3333 3204 3402 spirituali
3237 3353 3400 3406 Opere
3424 3356 3646 3400 vacuum

2074 3411 2330 3467 inveniri.
2369 3415 2523 3482 Quod
2571 3420 2782 3488 quidem
2827 3437 3119 3493 generosus
3150 3430 3238 3484 ille
3269 3441 3324 3486 et
3369 3436 3651 3504 expeditus

2071 3504 2310 3560 coaleStis
2331 3507 2535 3564 itineris
2557 3525 2742 3568 cursor
2761 3519 2970 3586 egregie
2991 3521 3259 3590 praestitit,
3289 3535 3448 3596 atque
3485 3533 3652 3587 animi

2071 3596 2152 3649 sui
2182 3596 2428 3654 ardorem
2457 3601 2525 3657 ab
2554 3603 2704 3659 initio
2741 3607 2806 3661 ad
2843 3621 3139 3666 extremum
3171 3631 3339 3686 usque
3388 3631 3650 3691 perpetuo

2070 3697 2424 3759 conservavit,
2458 3701 2800 3755 ascensiones
2830 3703 2884 3756 in
2915 3705 3077 3762 corde
3105 3722 3317 3780 semper
3362 3713 3650 3784 diSponens

2071 3779 2243 3851 (Psal.
2278 3787 2526 3857 Lxxxm),
2559 3804 2620 3843 ac
2648 3791 2715 3846 de
2753 3794 2947 3850 virtute
2975 3797 3041 3851 ad
3071 3779 3462 3859 sublimiorem-
3487 3809 3650 3864 virtu-

2073 3882 2176 3929 tem
2208 3879 2536 3949 transiliens,
2561 3882 2988 3958 desideriumque
3015 3889 3300 3960 desiderio,
3328 3911 3389 3951 ac
3412 3901 3647 3956 studium

2069 3964 2250 4020 studio
2298 3967 2661 4028 indesinenter
2702 3975 3036 4045 adiungens,
3087 3984 3262 4049 quoad
3319 3989 3531 4044 tandem
3581 3993 3647 4047 ad

2069 4065 2332 4121 speratam
2361 4067 2413 4111 et
2439 4065 2729 4129 expediam
2755 4065 3134 4124 beatitudinem
3164 4075 3424 4140 pervenit.

2139 4141 2267 4199 Car.
2296 4147 2762 4206 XXXIX.-—-Cum
2783 4156 2958 4226 itaque
2988 4159 3090 4215 hoc
3121 4172 3274 4231 pacto
3306 4165 3546 4219 Barlaam
3596 4179 3648 4222 et

2067 4233 2326 4303 Josapbat
2352 4252 2457 4290 una
2484 4251 2846 4312 versarentur,
2877 4261 2939 4299 ac
2967 4249 3186 4317 pulchro
3221 4253 3358 4309 inter
3387 4269 3446 4308 se
3471 4265 3644 4310 certa.

2067 4327 2211 4380 mine
2238 4327 2648 4398 contenderent,
2680 4333 2748 4386 ab
2777 4337 2924 4390 omni
2969 4352 3094 4392 cura
3148 4350 3202 4396 et
3248 4342 3467 4414 hujusce
3521 4348 3645 4402 vita:

2069 4417 2473 4485 perturbatione
2502 4421 2765 4479 immunes
2785 4467 2800 4493 ,
2827 4437 3165 4500 mentemque
3189 4433 3256 4488 ab
3282 4438 3427 4489 omni
3461 4440 3648 4491 conlu-

380 4512 760 4570 consurgentes
779 4544 792 4566 ,
823 4515 1133 4561 consuetum
1168 4513 1526 4578 precationum
1569 4533 1790 4585 pensum
1833 4540 1958 4594 per-
1988 4508 2043 4570 D
2069 4511 2218 4566 sione
2249 4526 2436 4580 puram
2468 4527 2530 4568 ac
2557 4515 2853 4583 sejunctam
2883 4519 3140 4577 habentes
3160 4565 3174 4590 ,
3205 4534 3325 4592 post
3355 4532 3549 4581 multos
3580 4531 3646 4584 ab

379 4589 674 4645 solverunt.
709 4592 786 4647 Ac
815 4601 1018 4663 postea,
1051 4611 1169 4653 eum
1201 4601 1319 4656 cibo
1369 4609 1715 4665 recreandum
1767 4589 1960 4684 corpus

379 4693 544 4750 esset,
579 4683 816 4739 Barlaam
865 4688 1197 4756 magnilicam
1230 4707 1467 4749 mensam
1512 4701 1774 4769 apposuit,
1805 4683 1963 4775 spiri-

379 4775 608 4829 tuahbus
638 4775 885 4834 videlicet
915 4778 1087 4848 epulis
1113 4781 1410 4840 confertam
1433 4827 1446 4852 ,
1473 4789 1587 4856 ejus
1627 4801 1800 4847 autem
1831 4811 1960 4849 con-

377 4866 655 4921 solationis
676 4909 690 4933 ,
723 4881 841 4935 quae
864 4870 1112 4924 sensibus
1143 4872 1449 4942 percipitur,
1491 4893 1647 4946 quam
1680 4884 1954 4939 minimum

375 4972 506 5012 sane
553 4961 884 5030 participem.
917 4961 1092 5016 Cruda
1123 4964 1264 5019 enim
1313 4967 1572 5025 duntaxat
1598 4974 1745 5029 olera
1778 4990 1951 5043 erant,

375 5045 652 5114 ipsiusmet
681 5053 923 5107 manibus
950 5054 1154 5108 consita
1179 5063 1233 5110 et
1258 5058 1489 5126 exculta,
1513 5063 1810 5134 palmaeque
1834 5083 1956 5135 per-

376 5153 583 5206 paucae,
612 5157 730 5211 quae
761 5147 813 5199 in
844 5162 907 5200 ea
940 5149 1227 5205 solitudine
1251 5151 1677 5223 inveniebantur,
1711 5170 1774 5212 ac
1798 5158 1921 5213 deni
1942 5187 1956 5202 ι

374 5246 478 5298 que
507 5232 779 5290 silvestres
808 5235 1008 5294 herba.
1042 5241 1171 5296 Cum
1218 5242 1378 5313 igitur
1415 5244 1614 5314 gratias
1654 5247 1764 5303 Deo
1810 5252 1952 5319 egis-

376 5329 517 5386 sent,
564 5325 926 5395 appositisque
971 5331 1143 5396 epulis
1186 5347 1383 5402 corpus
1424 5334 1760 5405 refecissent,
1793 5347 1952 5408 atque

374 5425 566 5482 aquam
599 5428 631 5468 e
677 5418 972 5486 propinquo
1001 5419 1148 5476 fonte
1193 5423 1470 5494 bibissent,
1500 5429 1546 5482 ei
1575 5444 1810 5497 rursum,
1866 5432 1952 5501 qui

373 5515 594 5561 manuni
639 5505 833 5573 aperit,
861 5515 917 5562 et
950 5507 1134 5579 implet
1163 5526 1321 5568 omne
1349 5517 1546 5572 animal
1578 5518 1953 5578 benedictione

373 5592 545 5655 (Paul.
579 5595 778 5668 cxuv),
808 5599 1001 5670 gratias
1030 5615 1273 5671 egerunt.
1307 5607 1383 5662 Ac
1410 5610 1572 5681 334
1600 5613 1793 5671 deinde
1823 5634 1953 5674 con-

375 5705 674 5766 surgentes,
703 5704 1048 5768 posteaquam
1073 5710 1359 5757 noctornas
1380 5718 1566 5775 preces
1590 5708 1950 5783 absolverunt,

2073 4602 2202 4670 ipsis
2249 4604 2460 4671 pietatis
2498 4619 2656 4660 causa
2686 4619 2958 4678 susceptos
2987 4611 3223 4679 labores,
3279 4617 3507 4682 qttudatn
3560 4621 3647 4672 die

2070 4711 2232 4751 senex
2265 4699 2526 4754 accersito
2551 4701 2808 4769 spirituali
2841 4702 2968 4767 filio,
3003 4720 3158 4774 quem
3189 4723 3280 4776 per
3306 4710 3643 4779 Evangr-lrum

2067 4799 2340 4856 genuerat,
2365 4789 2668 4860 hujnsmodi
2687 4793 3018 4863 spiritualem
3041 4812 3344 4856 sermonem
3365 4818 3643 4872 aggressus

2067 4888 2147 4934 est
2183 4896 2193 4931 :

2136 4991 2248 5043 tam
2281 4989 2508 5058 pridem,
2541 5007 2574 5047 ο
2602 4994 2774 5050 amice
2813 4995 3090 5067 Josaphat,
3125 5008 3176 5055 te
3208 5003 3257 5053 in
3313 5001 3410 5056 hac
3458 5002 3644 5056 solitu-

2061 5079 2185 5134 dine
2215 5079 2459 5136 babitare
2488 5085 2792 5151 oportebat,
2824 5097 2982 5157 atque
3013 5091 3113 5144 hoc
3141 5091 3268 5144 mihi
3295 5095 3464 5146 oranti
3493 5091 3642 5148 Chri-

2059 5181 2172 5227 stus
2202 5173 2270 5227 de
2306 5181 2358 5228 te
2386 5173 2654 5243 pollicitus
2682 5176 2854 5232 fuerat
2883 5177 2999 5235 fore
3024 5190 3081 5235 ut
3108 5192 3160 5238 te
3190 5192 3312 5238 ante
3340 5193 3640 5240 extremum

2057 5263 2180 5317 vita:
2210 5262 2351 5318 diem
2397 5264 2656 5322 viderem.
2687 5267 2806 5323 Vidi
2848 5269 3025 5340 itaque
3070 5275 3516 5341 quemadmodum
3547 5291 3640 5332 cu-

2058 5351 2296 5421 piebam;
2327 5353 2471 5420 vidi,
2503 5352 2748 5426 inquam,
2781 5367 2835 5415 te
2879 5374 2907 5414 ι
2940 5363 3139 5417 mundo
3165 5373 3220 5418 et
3262 5366 3447 5420 mundi
3478 5369 3640 5423 rebus

2056 5433 2322 5508 avulsum,
2345 5455 2408 5497 ac
2431 5441 2645 5499 Christo
2661 5446 2881 5503 minime
2901 5449 3062 5507 dubio
3083 5467 3145 5507 ac
3166 5455 3433 5510 vacillanti
3460 5458 3638 5512 animo

2057 5533 2426 5601 conjunetum,
2457 5543 2617 5604 atque
2646 5537 2715 5591 ad
2761 5539 3048 5608 perfectam
3080 5543 3422 5612 plenitudinis
3469 5548 3638 5616 ipsius

2060 5636 2364 5678 mensuram
2395 5639 2756 5696 progressum.
2802 5629 2951 5688 Nunc
2979 5633 3168 5703 igitur,
3207 5639 3635 5710 quandoquidem

2062 5714 2251 5771 mortis
2275 5731 2409 5774 mea:
2439 5726 2648 5790 tempus
2679 5720 2863 5792 instat,
2895 5735 3053 5797 atque
3075 5729 3397 5789 collaCIanea
3426 5745 3477 5789 et
3505 5734 3635 5790 mihi
