4010 6290
344 306 443 363 597

810 309 967 366 vn‘a
1011 307 1426 365 SANCTORUM
1470 299 1800 359 cannam
1843 274 1930 352 Eu

2042 292 2169 351 [ΠΕ
2213 294 2302 349 ΕΤ
2338 296 2691 353 JOSM’HAT
2733 297 2933 354 INDMZ
2978 300 3195 358 REGIS.

3505 302 3610 358 598

346 423 565 493 aequalis
592 437 656 479 ea
702 425 996 494 cupiditas,
1048 441 1163 495 quae
1194 436 1249 479 ut
1295 438 1414 479 cum
1459 422 1674 477 Christo
1712 430 1886 475 essem
1911 453 1927 477 ,
1959 410 2006 467 Δ
2036 424 2151 464 eam
2182 410 2251 464 ob
2280 425 2494 465 causam
2542 412 2767 467 Domino
2794 414 3033 469 obstricti
3055 430 3264 479 sumus,
3319 417 3462 485 quod
3488 432 3611 472 cum

344 529 560 584 semper
596 529 684 571 me
715 515 907 581 tenuit,
934 515 1042 585 jam
1084 515 1346 584 expletur,
1379 525 1434 569 tu
1484 516 1697 583 quidem
1729 526 1925 581 corpus

346 620 524 660 meum
554 614 692 661 terra
723 606 914 671 conde,
945 606 1256 675 pulverique
1281 609 1554 676 pulverem
1582 604 1767 659 redde.
1800 603 1927 657 Post

346 706 522 751 autem
568 696 682 765 ipse
711 697 762 751 in
796 696 895 751 hoc
942 696 1062 752 loco
1094 697 1258 760 haere,
1290 706 1596 763 susceptum
1634 695 1927 764 spiritualis

351 788 471 843 vita:
492 803 661 857 genus
685 802 1027 857 persequens,
1059 802 1296 857 mezeqtte
1319 787 1588 842 tenuitatis
1611 786 1925 841 memoriam

349 880 609 936 retinens.
661 878 865 935 Vereor
915 878 1056 933 enim
1110 895 1178 933 ne
1229 879 1570 934 tenebrosum
1621 877 1925 933 daemonum

348 986 538 1042 agmen
569 971 748 1025 animo
792 985 914 1026 meo
959 978 1174 1039 propter
1216 970 1635 1039 ignorantiarum
1681 982 1922 1025 mearum

349 1060 739 1116 multitudinem
766 1059 1205 1128 impedimentum
1236 1060 1444 1115 ail‘erat.

344 1159 354 1168 '
421 1151 500 1205 Tu
530 1165 678 1216 vero,
730 1149 828 1218 ﬁli,
861 1163 928 1204 ne
956 1149 1219 1219 religiosre
1266 1149 1662 1205 exercitationis
1692 1148 1925 1203 laborem

350 1249 577 1306 metuas,
606 1255 777 1311 neque
804 1240 871 1294 ad
903 1242 1157 1310 temporis
1206 1240 1593 1310 longitudinem
1638 1255 1702 1308 ac
1729 1239 1930 1295 deamo-

350 1346 474 1385 num
504 1331 723 1387 insidias
745 1330 1119 1401 elanguescas;
1147 1331 1272 1402 quin
1302 1332 1477 1401 potius
1496 1333 1731 1401 ipsorum
1759 1331 1929 1387 imbe-

350 1422 645 1489 cillitatem,
673 1419 873 1477 Christi
900 1422 1092 1477 virtute
1119 1422 1497 1487 communitus,
1520 1421 1694 1475 audax
1732 1420 1928 1487 irride;

350 1509 417 1566 ad
444 1510 685 1566 laborum
716 1521 894 1567 autem
923 1510 1189 1579 duritiam,
1223 1525 1286 1566 ac
1315 1511 1572 1581 temporis
1610 1510 1931 1565 diuturnita-

354 1609 461 1656 tem
500 1602 682 1659 animo
708 1603 779 1657 ita
806 1612 1112 1671 comparato
1135 1611 1273 1669 esto,
1305 1611 1556 1672 tanquam
1587 1602 1823 1672 quotidie
1849 1601 1931 1656 di-

348 1707 587 1750 scessum
609 1710 640 1750 e
668 1695 772 1749 vita
803 1702 1138 1764 exspectans,
1168 1703 1328 1763 atque
1368 1694 1616 1751 eumdem
1645 1692 1785 1749 diem
1836 1692 1929 1748 tibi

2030 499 2179 555 dives
2210 510 2372 566 esset,
2424 513 2646 571 propter
2690 517 2789 557 nos
2835 519 3034 573 egenus
3076 505 3251 561 factus
3273 517 3378 573 est,
3426 518 3485 563 ut
3516 525 3627 565 nos.

2028 594 2143 663 ejus
2170 604 2482 664 paupertate
2510 597 2981 664 divitesessemus,
3015 603 3173 668 etqui
3205 616 3233 654 a
3267 604 3577 671 perpession
3610 625 3635 655 l‘

2030 687 2283 742 immunis
2313 698 2450 754 erat,
2481 698 2538 742 ut
2565 688 2774 742 vitiosis
2796 689 3166 745 affectionibus
3196 706 3295 745 nos
3335 692 3609 759 liberaret,

2029 781 2299 836 cruciatus
2337 781 2500 837 subiit
2549 780 2638 850 (II
2670 774 2791 837 Cor.
2837 783 2979 854 Vill),
3028 784 3335 858 persolvere
3390 788 3613 854 potest?

2029 872 2178 939 Quod
2228 872 2368 926 enim
2408 872 2728 928 beneficium
2759 881 2843 928 est
2878 888 3091 930 servum
3143 874 3329 930 eadem
3407 887 3611 945 perpett

2028 977 2149 1033 qua:
2180 962 2435 1017 Dominus
2464 976 2747 1032 perpessus
2793 962 2905 1018 sit?
2953 963 3110 1034 Atqui
3162 979 3259 1019 nos
3290 964 3613 1033 permultum

2029 1053 2096 1107 ab
2122 1053 2289 1121 ipsius
2311 1051 2631 1107 cruciatibus
2662 1052 2853 1108 remoti
2894 1068 3100 1108 sumus.
3136 1054 3259 1109 llaec
3315 1062 3494 1109 tecum
3528 1069 3610 1109 re-

2031 1152 2177 1210 puta,
2207 1143 2557 1213 cogitationes
2583 1143 2885 1207 destruens,
2934 1153 2986 1197 et
3018 1158 3231 1199 omnem
3277 1144 3611 1199 altitudinem

2031 1233 2374 1288 extollentem
2403 1248 2462 1289 se
2486 1233 2738 1289 adversus
2766 1234 3044 1290 scientiam
3071 1235 3181 1301 Dei,
3214 1246 3267 1291 et
3296 1236 3351 1290 in
3376 1237 3606 1306 captivi-

2033 1332 2199 1378 tatem
2258 1324 2506 1393 redigens
2576 1340 2788 1380 omnem
2866 1340 3084 1382 sensum
3137 1329 3189 1380 in
3256 1327 3616 1383 obedientiam

2030 1416 2227 1472 Christi
2278 1415 2364 1488 (Il
2420 1416 2542 1472 Cor.
2575 1419 2655 1485 χ).
2708 1418 2776 1472 Et
2817 1433 2917 1488 pax
2981 1419 3094 1485 Dei,
3155 1434 3275 1487 qua:
3332 1428 3619 1486 exsuperat

2030 1520 2242 1562 omnem
2274 1521 2514 1571 sensum,
2543 1507 2808 1562 custodiat
2834 1521 2927 1562 eor
2968 1517 3139 1575 tuum,
3186 1518 3239 1562 et
3264 1508 3615 1577 cogitationes

2032 1605 2155 1654 tuas
2183 1599 2235 1653 in
2266 1598 2485 1655 Christo
2513 1598 2639 1654 .lesu
2665 1597 2890 1670 (Philip.
2918 1600 3017 1667 tv).

2106 1689 2214 1744 Hac
2250 1689 2495 1744 oratione
2536 1704 2564 1743 a
2592 1689 2869 1744 Barlaamo
2911 1688 3111 1753 babita,
3154 1688 3413 1758 Josaphat
3439 1687 3616 1743 infini-

349 1782 471 1838 vita:
512 1785 845 1849 monasticae,
874 1792 982 1839 tum
1013 1784 1243 1851 initium,
1279 1792 1387 1839 tum
1417 1784 1574 1839 linem
1601 1796 1722 1839 esse
1746 1781 1931 1838 existi-
1964 1781 2012 1841 B
2042 1786 2149 1833 tam
2178 1778 2287 1833 vim
2341 1779 2695 1848 lacrymarum
2747 1777 3004 1848 profudit,
3062 1779 3140 1832 sic
3168 1792 3381 1847 nempe,
3419 1785 3617 1833 utrau-

350 1888 526 1928 mans.
555 1873 645 1930 Sic
670 1887 883 1943 semper
922 1887 983 1928 ea
1013 1888 1135 1944 quas
1163 1887 1193 1925 a
1241 1882 1392 1942 tergo
1432 1883 1560 1928 sunt
1586 1873 1928 1937 obliviscens,

350 1973 513 2035 atque
539 1965 606 2019 ad
635 1980 700 2020 ea
725 1979 842 2033 qure
868 1978 900 2017 a
924 1963 1100 2019 fronte
1121 1972 1247 2018 sunt
1275 1964 1502 2033 teipsum
1523 1964 1838 2031 extendens,
1864 1962 1929 2017 ad

353 2055 674 2111 desunatum
700 2068 1037 2126 persequere,
1070 2056 1139 2110 ab
1165 2055 1405 2110 bravium
1429 2070 1675 2124 superna:
1706 2055 1935 2109 vocatio-

355 2145 440 2200 nis
467 2145 560 2201 Dei
602 2147 655 2201 in
681 2146 891 2201 Christo
919 2145 1048 2200 Jesu
1077 2144 1304 2215 (Philip.
1331 2144 1414 2216 nt)
1435 2185 1451 2211 ,
1481 2145 1931 2215 quemadmodum

354 2244 577 2290 sanctus
605 2235 890 2303 Apostolus
919 2233 1004 2290 his
1028 2235 1206 2289 verbis
1257 2234 1500 2290 hortatur
1525 2253 1541 2289 :
1568 2235 1683 2290 Non
1711 2236 1933 2291 deiicia-

354 2339 503 2391 mus;
533 2326 627 2380 sed
656 2327 777 2381 licet
807 2328 850 2381 is
888 2326 977 2396 qui
1007 2326 1137 2381 foris
1162 2336 1243 2382 est
1274 2327 1433 2381 homo
1462 2338 1648 2382 noster
1690 2342 1935 2383 corrum-

354 2420 531 2484 patur,
558 2424 733 2470 tamen
756 2415 904 2485 isqui
927 2416 1072 2470 intus
1092 2424 1175 2471 est
1194 2426 1482 2472 renovatur
1502 2418 1570 2472 de
1590 2418 1676 2473 die
1693 2421 1743 2472 in
1766 2419 1930 2474 diem.

354 2505 485 2561 Nam
530 2506 671 2575 quod
705 2512 1134 2562 momentaneum
1183 2516 1269 2562 est
1315 2517 1369 2563 et
1412 2509 1529 2563 leve
1580 2508 1935 2565 tribulationis

354 2608 573 2665 nostrae,
603 2613 759 2669 supra
788 2598 1002 2653 modum
1034 2599 1088 2653 in
1108 2598 1436 2654 sublimitate
1461 2608 1720 2655 aeternum
1748 2601 1934 2672 gloria:

355 2696 565 2761 pondus
592 2699 841 2761 operatur
861 2690 913 2746 in
938 2690 1112 2756 nobis,
1136 2706 1240 2745 non
1263 2691 1750 2760 contemplantibus
1780 2692 1935 2747 nobis

355 2798 473 2854 quae
514 2783 777 2848 videntur,
810 2781 908 2837 sed
934 2797 1050 2852 qua:
1082 2798 1187 2837 non
1214 2782 1482 2838 videntur.
1515 2783 1645 2849 Qua:
1676 2782 1818 2837 enim
1849 2783 1931 2836 vi-

356 2874 549 2931 dentur
587 2873 893 2944 temporalia
940 2882 1083 2940 sunt,
1133 2889 1251 2944 qure
1294 2884 1470 2930 autem
1516 2888 1621 2929 non
1666 2874 1932 2945 videntur,

357 2956 553 3022 eterna
582 2962 674 3038 (II
703 2961 823 3018 Cor.
856 2963 952 3035 tv).
1042 3034 1043 3037 η

426 3056 553 3112 llaec
578 3070 697 3111 cum
727 3055 906 3110 animo
932 3063 1024 3110 tuo
1053 3065 1304 3124 reputans
1326 3098 1342 3124 ,
1373 3055 1456 3111 vir
1481 3055 1816 3126 ebarissime,
1851 3058 1933 3112 vi-

1996 1942 2000 1947 ,
2034 1888 2193 1941 quam
2222 1886 2289 1926 ex
2318 1872 2590 1927 uberrimo
2630 1868 2783 1926 fonte
2820 1871 3198 1937 scaturieutes,
3242 1872 3416 1937 ipsum
3464 1885 3617 1938 pror-

2034 1977 2146 2031 sus,
2180 1977 2241 2017 ac
2279 1971 2474 2018 terram
2517 1963 2569 2016 in
2610 1977 2711 2032 qua
2752 1961 3002 2025 sedebat,
3054 1960 3385 2030 proluerent.
3442 1961 3618 2029 Atque

2038 2055 2174 2123 ipse,
2201 2054 2508 2124 huiusmodi
2538 2052 2816 2108 dissidium
2871 2053 3181 2122 deplorans,
3236 2067 3494 2122 perquam
3533 2067 3621 2105 ar-

2035 2148 2312 2204 denterab
2338 2162 2405 2202 eo
2430 2146 2810 2211 contendebat,
2851 2155 2907 2199 ut
2941 2147 3194 2215 postremi
3244 2146 3389 2201 illius
3414 2146 3620 2202 itineris

2030 2243 2286 2298 comitem
2319 2256 2376 2296 se
2404 2240 2703 2307 adhiberet,
2753 2254 2851 2295 nec
2881 2248 3005 2309 post
3031 2239 3195 2307 ipsius
3222 2240 3522 2295 discessum
3566 2240 3621 2294 itt

2041 2335 2239 2390 mundo
2264 2334 2373 2401 jam
2406 2341 2729 2398 remaneret,
2784 2332 2871 2388 his
2893 2333 3068 2387 verbis
3094 2343 3250 2388 utens
3282 2350 3295 2385 :
3339 2333 3566 2402 Ecquid,
3592 2349 3624 2387 ο

2040 2434 2214 2494 pater,
2239 2424 2313 2478 tui
2341 2424 2618 2486 duntaxat,
2643 2436 2707 2477 ac
2736 2435 2841 2475 non
2876 2423 3103 2490 proximi
3136 2424 3394 2476 rationem
3423 2422 3621 2477 babes?

2038 2514 2277 2581 Quonam
2307 2521 2487 2567 autem
2518 2511 2678 2565 modo
2708 2510 2807 2564 hac
2859 2510 2912 2563 in
2958 2525 3016 2564 re
3046 2510 3298 2578 perfectae
3344 2512 3621 2566 charitatis

2036 2604 2211 2659 ofﬁcio
2233 2603 2468 2675 iungeris
2527 2602 2649 2673 (pro
2695 2616 2762 2657 eo
2799 2610 3015 2672 atquea
3046 2603 3260 2658 Christo
3290 2602 3489 2658 dictum
3515 2612 3619 2670 est,

2039 2696 2236 2766 Diliges
2265 2696 2571 2764 proximum
2604 2702 2753 2749 tuum
2781 2694 2989 2750 sicutte
3016 2694 3239 2765 ipsum),
3277 2709 3396 2749 curn
3429 2702 3482 2749 tu
3505 2696 3624 2763 qui-

2042 2786 2163 2841 dem
2193 2785 2258 2841 ad
2291 2785 2535 2859 requiem.
2555 2800 2765 2855 pergas,
2821 2800 2907 2840 me
2955 2795 3130 2841 autem
3187 2787 3238 2841 in
3276 2788 3623 2856 oppressione

2037 2886 2199 2948 atque
2222 2892 2458 2933 aerumna
2490 2877 2783 2947 relinquas,
2831 2891 2894 2932 ac
2924 2878 3232 2949 priusquam
3276 2878 3330 2933 iu
3362 2879 3623 2950 religiosae

2037 2971 2164 3025 vita:
2194 2969 2601 3037 certaminibus,
2624 2977 2680 3023 ut
2708 2984 2803 3038 par
2842 2980 2945 3037 est,
3005 2972 3335 3026 exercitatus
3377 2970 3500 3037 sim,
3533 2985 3625 3025 va-

2039 3060 2256 3130 riasque
2286 3058 2524 3114 hostium
2549 3058 2769 3114 insidias
2793 3068 3092 3129 compertas
3123 3060 3367 3128 habeam,
3411 3061 3476 3116 ad
3508 3062 3623 3119 sin-

358 3148 524 3203 riliter
552 3160 650 3216 age
676 3156 731 3202 et
759 3147 1066 3203 confortare
1096 3145 1266 3218 (Psal.
1302 3148 1475 3217 xxvi),
1506 3158 1667 3219 atque
1699 3160 1754 3206 ut
1784 3165 1935 3221 egre.
1964 3147 2011 3211 C
2040 3151 2275 3221 gularem
2306 3164 2534 3220 pugnam
2557 3163 2677 3203 cum
2709 3149 2840 3219 ipsis
2897 3151 3187 3206 ineundam
3246 3167 3333 3207 me
3358 3152 3622 3221 objicias?

357 3243 474 3315 gius
495 3245 667 3310 miles,
697 3242 749 3297 id
777 3242 845 3297 da
867 3256 1106 3312 operam,
1132 3252 1189 3296 ut
1215 3242 1263 3297 ei
1291 3242 1380 3311 qui
1406 3251 1455 3296 te
1476 3241 1701 3297 militem
1724 3243 1938 3312 scripsit

357 3336 569 3405 placeas
600 3334 681 3408 (ll
716 3334 851 3388 Tim.
886 3333 979 3405 n);
1022 3348 1125 3389 nec
1153 3335 1393 3404 quamvis
1441 3333 1826 3390 imbecillitatis
1874 3350 1938 3392 ac

357 3424 626 3496 languoris
648 3425 999 3495 cogitationes
1023 3424 1299 3495 improbus
1327 3425 1415 3480 ille
1441 3426 1660 3496 spiritus
1692 3428 1785 3481 tibi
1827 3426 1934 3482 im-

359 3517 553 3584 mittat,
583 3516 917 3587 institutique
947 3516 1018 3571 tui
1047 3532 1239 3572 nervos
1276 3517 1522 3588 frangere
1549 3534 1613 3574 ac
1658 3519 1939 3577 debilitare

360 3610 585 3676 studeat,
639 3609 804 3679 ipsius
851 3608 1072 3664 insidias
1123 3609 1503 3679 pertimescas,
1550 3610 1679 3665 illud
1727 3611 1937 3666 Domini

359 3712 681 3771 praeceptum
710 3701 869 3773 335
898 3703 1173 3771 cogitans:
1197 3699 1255 3755 lu
1278 3700 1476 3756 muudo
1504 3716 1809 3770 pressuram
1846 3704 1939 3757 ha-

359 3790 582 3857 bebitis;
613 3792 704 3846 sed
734 3791 1007 3857 confidite,
1040 3805 1138 3859 ego
1165 3790 1264 3844 vici
1295 3788 1547 3844 mundum
1592 3788 1770 3859 (Joan.
1802 3790 1935 3862 xvi).

360 3884 620 3950 Quocirca
651 3885 821 3954 gaude
848 3887 898 3938 in
928 3883 1155 3940 Domino
1180 3898 1394 3952 semper
1416 3926 1429 3949 ,
1459 3884 1711 3955 quoniam
1743 3886 1858 3955 ipse
1889 3894 1940 3941 te

359 3974 541 4044 elegit,
572 3986 732 4044 atque
760 3989 789 4028 a
837 3975 1035 4029 tnundo
1081 3973 1383 4043 scjnnctum
1413 3984 1536 4029 ante
1566 3975 1755 4032 faciem
1789 3992 1938 4032 suam

359 4065 552 4133 posuit.
585 4063 701 4134 lpse
727 4074 923 4133 autem,
945 4065 1036 4135 qui
1068 4073 1119 4119 te
1143 4067 1422 4119 vocatione
1448 4081 1541 4119 sua
1571 4075 1753 4120 sancta
1783 4082 1941 4120 voca-

361 4157 453 4221 vit,
489 4170 650 4225 prope
678 4165 759 4210 est
788 4169 1019 4224 semper.
1052 4154 1188 4208 Nihil
1220 4155 1396 4224 itaque
1426 4156 1687 4210 sollicitus
1721 4157 1816 4221 sis,
1846 4158 1940 4210 sed

362 4248 412 4301 in
443 4250 586 4302 omni
629 4247 870 4303 oratione
907 4256 1066 4318 atque
1096 4248 1467 4304 obsecratione
1495 4263 1614 4302 cum
1652 4250 1939 4318 gratiarum

360 4339 568 4393 actione
594 4339 880 4407 petitiones
909 4347 1012 4393 tuae
1045 4340 1381 4393 innotescant
1410 4339 1549 4409 apud
1583 4340 1749 4395 Deum
1782 4340 1939 4413 (Phi-

362 4430 452 4497 lip.
490 4431 585 4501 tv).
622 4430 738 4498 Ipse
763 4430 905 4486 enim
933 4429 1067 4485 dixit
1098 4447 1109 4482 :
1140 4430 1255 4485 Non
1289 4440 1340 4485 te
1367 4430 1634 4498 deseram,
1661 4448 1759 4488 nec
1790 4433 1944 4489 dere-

2041 3241 2120 3295 Ex
2147 3256 2252 3310 quo
2282 3240 2531 3310 quidnam
2560 3240 2702 3296 aliud
2726 3242 3038 3313 contingere
3067 3250 3263 3311 potest,
3312 3244 3415 3298 nisi
3448 3253 3505 3299 ut
3526 3258 3621 3299 ve-

2044 3330 2314 3386 teratoriis
2337 3330 2579 3400 ipsorum
2607 3330 2813 3386 artibus
2844 3341 3171 3400 prosternar,
3228 3341 3387 3403 atque
3412 3342 3469 3388 ut
3518 3334 3623 3388 im-

2041 3421 2228 3488 peritis
2250 3434 2313 3475 ae
2337 3420 2536 3476 timidis
2565 3421 2950 3491 gladiatoribus
2976 3438 3075 3477 usu
3098 3422 3280 3479 venire
3302 3423 3456 3489 solet,
3480 3438 3620 3478 sent-

2043 3514 2307 3583 piternam
2336 3515 2531 3569 animm
2581 3523 2807 3570 mortem
2859 3517 3145 3586 oppetam?
3201 3516 3280 3571 Ad
3312 3516 3617 3582 Dominum,

2040 3620 2243 3675 qutnso,
2270 3620 2395 3674 roga
2425 3615 2586 3676 atque
2607 3606 2851 3671 obsecra,
2872 3617 2927 3661 ut
2959 3622 3044 3661 me
3066 3621 3277 3677 quoque
3320 3606 3395 3661 tui
3447 3622 3477 3662 e
3519 3607 3621 3660 vita

2040 3698 2310 3753 discessus
2360 3699 2564 3753 socium
2620 3699 2887 3765 asciscas,
2948 3698 3000 3753 id
3047 3708 3103 3753 ut
3132 3700 3315 3763 iacias,
3365 3713 3460 3768 per
3503 3713 3657 3754 eam.

2042 3791 2214 3858 ipsam
2245 3804 2394 3860 spem
2441 3805 2598 3859 quam
2629 3789 2795 3845 babes
2844 3789 2957 3845 fore
2998 3798 3051 3845 ut
3077 3791 3276 3847 laboris
3319 3791 3620 3846 mercedem

2044 3882 2323 3952 percipias,
2356 3893 2407 3937 te
2436 3883 2697 3938 obtestor.
2725 3883 2855 3950 Hoc,
2891 3882 3128 3952 inquam,
3161 3899 3191 3938 a
3224 3884 3333 3938 Deo
3373 3884 3619 3952 precibus

2043 3974 2327 4041 contende,
2374 3984 2432 4029 ut
2478 3989 2545 4029 ne
2589 3973 2805 4030 unicum
2857 3974 3068 4045 quidem
3112 3974 3252 4029 diem
3307 3984 3425 4044 post
3476 3986 3623 4030 tuum

2045 4065 2339 4120 discessum
2382 4064 2434 4119 iu
2466 4064 2565 4120 hac
2590 4066 2700 4119 vita
2733 4066 3061 4135 peregriner,
3104 4075 3263 4137 atque
3288 4067 3338 4122 in
3368 4068 3625 4123 densissi-

2044 4171 2127 4210 tna
2157 4155 2257 4210 hac
2271 4155 2559 4211 solitudine
2579 4157 2843 4212 oberrem.
3268 4180 3273 4183 η

2116 4245 2242 4300 litec
2268 4261 2389 4301 cum
2413 4246 2674 4316 Josapltat
2692 4246 2912 4317 plorans
2946 4247 3171 4314 diceret,
3222 4262 3387 4304 senex
3422 4247 3626 4317 placide

2048 4350 2110 4391 ac
2141 4336 2337 4391 leniter
2357 4337 2529 4406 ipsum
2564 4339 2884 4407 reprimens,
2915 4339 3006 4394 Dei
3033 4339 3266 4408 judiciis,
3294 4340 3485 4409 inquit,
3510 4355 3631 4409 quas

2048 4428 2244 4483 mentis
2267 4428 2514 4493 humanae
2540 4436 2752 4499 captum
2779 4429 3069 4498 excedunt,
3123 4431 3379 4485 obluctari
3411 4431 3630 4486 minime

362 4520 616 4590 linquam.
665 4521 789 4577 Haac
835 4522 1013 4591 itaque
1062 4522 1114 4576 in
1167 4525 1285 4576 vitae
1329 4523 1521 4578 duritia
1573 4538 1635 4579 ac
1678 4524 1945 4595 religiosae
1972 4524 2027 4587 D
2054 4519 2335 4575 debemus.
2366 4520 2496 4575 Nam
2526 4535 2649 4591 ego,
2675 4535 2795 4576 cum
2822 4521 2889 4575 de
2909 4521 3011 4576 hac
3040 4535 3098 4575 re
3145 4523 3338 4575 multas
3368 4521 3432 4574 ad
3464 4523 3629 4576 Deum

361 4612 755 4667 exercitationis
784 4612 986 4668 vilitate
1015 4622 1188 4669 tecum
1221 4615 1334 4682 ipse
1373 4624 1646 4684 reputans,
1682 4615 1735 4671 in
1776 4617 1939 4672 animi

362 4705 632 4772 voluptate
657 4719 891 4771 versare,
924 4705 1130 4759 Domini
1166 4706 1258 4760 Dei
1290 4708 1457 4761 nostri
1488 4709 1801 4763 memoriam
1849 4723 1940 4765 re-

363 4795 559 4848 tinens.
605 4793 807 4848 Memor
848 4796 1022 4864 enim,
1053 4797 1253 4866 inquit,
1286 4797 1359 4853 fui
1390 4798 1518 4865 Dei,
1554 4807 1607 4855 et
1647 4800 1943 4858 delectatus

304 4916 307 4917 ν
363 4902 480 4940 sum
520 4883 689 4955 (Psa'.
720 4888 919 4957 LxxVI).

435 4977 566 5031 Cum
616 4984 793 5031 autem
832 4991 1041 5033 rursum
1072 4979 1409 5038 adversarius
1455 4984 1596 5041 aliud
1649 4987 1699 5041 in
1734 4998 1784 5044 te
1813 4988 1942 5045 belli

362 5082 527 5139 genus
577 5067 982 5139 excogitaverit,
1028 5069 1281 5127 sublimes
1328 5088 1523 5144 nempe
1588 5086 1747 5147 atque
1794 5094 1946 5135 arro—

362 5169 549 5231 gantes
570 5158 927 5228 cogitationes
957 5173 1279 5230 proponens,
1312 5164 1571 5234 regnique
1596 5169 1794 5223 terreni
1824 5172 1943 5241 glo-

362 5253 493 5305 riam
525 5265 684 5321 qnam
718 5249 1001 5319 reliquisti,
1027 5259 1331 5321 cazteraque
1352 5268 1471 5322 quae
1500 5256 1552 5309 iu
1586 5258 1782 5312 mundo
1822 5270 1947 5315 sunt

364 5343 458 5398 tibi
490 5345 541 5398 in
572 5343 745 5399 oculis
772 5342 1068 5410 collocans,
1091 5343 1419 5399 salutiferam
1447 5347 1745 5404 doctrinam
1769 5352 1943 5421 elypei

364 5433 532 5489 instar
558 5435 810 5504 obtende,
839 5434 1105 5490 dicentem
1138 5453 1150 5490 :
1181 5436 1312 5491 Cum
1344 5438 1578 5494 feceritis
1616 5445 1793 5499 omnia
1826 5463 1944 5515 qua:

364 5536 628 5597 prmcepta
659 5536 783 5583 sunt
806 5527 980 5593 vobis,
1012 5526 1216 5584 dicite:
1266 5528 1423 5585 Servi
1473 5532 1687 5588 inutiles
1737 5552 1943 5599 sumus.

364 5622 613 5690 quoniam
670 5621 722 5676 id
770 5620 909 5689 quod
934 5618 1108 5676 facere
1138 5621 1443 5691 debttintus,
1499 5625 1719 5684 fecimus
1770 5631 1949 5700 (Luca:

370 5714 524 5777 xvn).
584 5714 643 5768 Et
672 5712 884 5782 quidem
940 5712 1055 5784 quis
1098 5723 1338 5771 nostrum
1371 5712 1606 5773 debitum
1638 5719 1788 5792 illud,
1837 5741 1943 5792 quo

2052 4625 2240 4679 preces
2270 4611 2547 4677 fudissem,
2609 4627 2838 4683 eumque
2888 4614 2971 4668 cui
3004 4611 3145 4667 nulla
3188 4614 3267 4668 vis
3313 4611 3489 4667 all'erri
3530 4627 3629 4683 po-

2052 4711 2176 4769 te5t,
2209 4703 2353 4757 velut
2384 4717 2481 4772 per
2510 4704 2616 4757 vim
2664 4705 2881 4775 adigere
2924 4714 3237 4771 tentassem,
3291 4715 3348 4760 ut
3397 4721 3464 4759 ne
3494 4708 3631 4761 inter

2052 4806 2150 4846 nos
2170 4782 2621 4862 disjungeremur,
2657 4794 2724 4848 ab
2748 4794 3161 4863 ipsiusbonitate
3193 4795 3292 4851 hoc
3319 4794 3501 4860 didici,
3532 4798 3632 4849 mi-

2055 4898 2202 4952 nime
2232 4894 2326 4950 tibi
2361 4907 2501 4947 nunc
2533 4890 2866 4947 conducibile
2896 4903 3017 4944 esse
3045 4890 3223 4943 carnis
3272 4903 3408 4943 onus
3436 4889 3637 4958 abjiee-

2055 5008 2134 5057 re,
2170 5005 2351 5046 verum
2384 4989 2435 5043 in
2471 4987 2717 5057 religiosa
2764 4984 3146 5041 exercitatione
3210 4984 3391 5039 tandiu
3423 4999 3634 5054 perma-

2053 5100 2205 5151 nere,
2236 5082 2409 5153 quoad
2462 5078 2883 5150 Splentlidiorem
2937 5091 3191 5135 coronam
3223 5077 3316 5131 tibi
3374 5080 3631 5133 texueris.

2052 5174 2298 5231 Nondum
2351 5173 2493 5228 enim
2529 5185 2627 5241 pro
2655 5184 2715 5225 ea
2739 5183 2858 5238 quae
2910 5168 3001 5222 tibi
3034 5178 3217 5238 parata
3272 5177 3359 5224 est
3388 5171 3637 5225 mercede

2052 5268 2183 5323 satis
2214 5264 2533 5328 decertasti;
2575 5276 2760 5316 verum
2797 5261 3007 5331 paulum
3031 5261 3204 5316 adhuc
3227 5261 3440 5318 labores
3471 5278 3635 5333 opor-

2055 5372 2147 5425 tet,
2180 5370 2235 5414 ut
2260 5359 2411 5413 hctus
2436 5358 2488 5410 in
2518 5355 2726 5410 Domini
2761 5355 2832 5410 tui
2864 5354 3115 5425 gaudium
3141 5357 3328 5412 intres.
3376 5356 3507 5412 Nam
3534 5372 3637 5429 ego

2052 5451 2267 5522 quidem
2294 5449 2406 5519 jam
2438 5462 2574 5518 pene
2600 5448 2957 5513 centenarius,
3005 5462 3175 5503 annos
3204 5449 3440 5520 quinque
3466 5459 3519 5505 et
3550 5464 3637 5504 se-

2054 5545 2325 5616 ptuaginta
2396 5543 2448 5597 in
2503 5541 2603 5596 hac
2658 5542 2946 5596 solitudine
2997 5541 3225 5597 confeci.
3289 5542 3407 5597 Tibi
3456 5556 3627 5606 vero,

2054 5635 2259 5691 etiamsi
2287 5648 2391 5687 non
2419 5640 2563 5687 tanta
2598 5632 2853 5701 temporis
2882 5646 3029 5685 mora
3056 5630 3229 5684 futura
3258 5640 3358 5693 est,
3394 5638 3445 5681 at
3483 5637 3631 5681 certe

2055 5727 2121 5784 ad
2151 5726 2197 5783 id
2224 5726 2473 5805 Spatium,
2531 5736 2584 5805 ut
2626 5723 2778 5797 jubet
2810 5723 3086 5792 Dominus,
3137 5722 3352 5802 propius
3409 5717 3632 5773 accedas
