4010 6272
443 308 546 362 599

1490 299 1578 354 DE
1619 298 1794 355 VITIS
1833 299 2111 356 PATRUM
2153 300 2358 356 LIBER
2396 302 2668 360 PRIMUS.

3598 302 3700 359 600

440 432 663 477 necesse
691 425 794 485 est,
821 429 927 487 quo
964 413 1031 469 iis
1059 412 1204 469 nulla
1229 426 1294 468 ex
1325 422 1476 483 parte
1527 393 1744 468 inferior
1769 415 1864 477 sis,
1920 412 2012 482 qui
2042 418 2092 471 A
2117 413 2529 482 disiunctionem
2561 414 2840 486 aegerrime
2887 415 3068 468 animo
3097 414 3308 469 fcrenti.
3367 415 3486 470 Jam
3518 424 3696 472 autem

386 549 393 558 ι
441 513 546 570 diei
576 520 632 566 et
652 518 814 566 aestus
859 508 1066 578 pondus
1092 506 1422 576 pertulerunt
1465 506 1679 577 (Matth.
1712 507 1822 574 xx).
1873 507 2014 574 Qua-

442 614 681 674 propter,
713 615 745 656 o
768 601 963 664 amice,
992 614 1109 666 quae
1129 613 1158 652 a
1190 599 1297 652 Deo
1326 598 1539 652 decreta
1569 607 1714 662 sunt,
1761 609 2013 668 prompto

437 711 502 750 ac
532 694 731 750 lubenti
761 694 938 746 animo
961 692 1167 758 accipe.
1220 689 1351 743 Nam
1401 704 1522 758 quae
1580 691 1695 758 ipse
1750 691 2010 756 decrevit,

440 787 558 854 quis
583 786 798 839 tandem
825 783 1128 838 mortalium
1151 780 1410 849 dissipare
1436 782 1629 850 queat?
1657 783 2012 853 Atqueipsius

440 879 608 948 gratia
637 884 1004 939 conservatus,
1040 874 1376 928 tolerantiam
1402 882 1616 941 praesta.

513 969 646 1023 lllud
669 970 826 1022 etiam
858 982 1004 1025 cura,
1037 974 1097 1019 ut
1126 965 1645 1020 adversusinimicas
1665 967 2012 1037 cogitationes

437 1062 616 1118 animo
645 1061 895 1124 excubes,
919 1073 981 1113 ac
1007 1059 1199 1112 mentis
1234 1058 1542 1125 puritatem,
1592 1073 1699 1112 non
1747 1073 1903 1113 secus
1949 1073 2014 1114 ac

438 1152 723 1223 quemdam
755 1149 984 1218 ingentis
1011 1148 1164 1216 pretii
1198 1147 1526 1213 thesaurum,
1553 1148 1758 1202 salvutn
1787 1157 1840 1204 et
1867 1148 2015 1202 inco-

437 1241 636 1295 lumem
667 1253 870 1302 serves,
899 1237 964 1292 ad
984 1237 1351 1291 sublimiorem
1389 1238 1657 1292 actionem
1685 1248 1738 1292 et
1772 1247 2014 1294 contem-

365 1366 380 1382 ,
441 1330 730 1398 plationem
775 1330 830 1384 in
857 1329 975 1383 dies
1018 1329 1246 1398 teipsum
1281 1329 1601 1397 provehens,
1647 1339 1705 1384 ut
1734 1330 1860 1383 illud
1885 1331 1935 1383 in
1965 1339 2015 1382 te

440 1418 748 1486 impleatur,
779 1419 923 1487 quod
955 1419 1208 1473 Dominus
1230 1420 1416 1473 amicis
1443 1420 1557 1474 suis
1606 1419 1871 1486 promisit,
1933 1421 2015 1474 his

439 1507 620 1563 verbis
647 1518 802 1564 utens
831 1525 846 1562 :
876 1509 941 1564 Si
963 1509 1084 1577 quis
1113 1508 1283 1577 diligit
1315 1524 1420 1572 me,
1478 1524 1783 1564 sermonem
1837 1527 2013 1566 meum

437 1597 690 1664 servabit,
741 1606 796 1652 et
837 1597 992 1651 Pater
1032 1612 1184 1652 meus
1213 1598 1398 1667 diliget
1420 1614 1562 1664 eum,
1590 1611 1644 1654 et
1672 1601 1737 1656 ad
1765 1618 1885 1656 eum
1920 1617 2014 1656 ve-

434 1688 668 1751 niemus,
713 1697 769 1742 et
823 1689 1150 1743 mansionem
1184 1690 1320 1759 apud
1353 1705 1474 1745 eum
1531 1692 1788 1747 faciemus
1831 1693 2010 1764 (Joan.

2119 506 2330 561 lucente
2382 508 2470 562 die
2518 523 2707 561 manus
2735 515 2894 576 atque
2921 506 3105 562 oculos
3136 506 3188 560 in
3220 506 3416 562 coelum
3447 508 3691 577 sustulit,

2117 595 2333 665 Deoque
2353 597 2552 666 gratias
2595 595 2844 663 reddens,
2895 596 2996 650 hoc
3041 611 3292 652 sermone
3333 612 3463 654 usus
3491 608 3575 654 est
3600 616 3614 630 ·

2188 706 2412 762 Domine
2435 707 2576 761 Deus
2599 722 2767 773 meus,
2798 707 2885 775 qui
2910 707 3102 776 ubique
3129 721 3367 775 praesens
3407 723 3490 773 es,
3527 718 3686 779 atque

2114 794 2294 851 omnia
2323 797 2533 866 imples,
2563 800 2759 866 gratias
2785 798 2875 853 tibi
2903 812 3024 867 ago,
3054 798 3307 867 quoniam
3338 798 3688 856 humilitatem

2115 903 2287 942 meam
2313 890 2596 957 respexisti
2621 888 2792 958 (Psal.
2824 888 2903 959 ι),
2941 898 3100 958 atque
3145 891 3248 944 hoc
3293 891 3423 946 mihi
3452 907 3678 947 conces-

2115 979 2252 1044 sisti,
2277 990 2333 1032 ut
2357 980 2410 1033 in
2432 980 2728 1034 orthodoxa
2750 988 2836 1035 tua
2865 979 2986 1047 ﬁde,
3009 989 3064 1035 et
3078 982 3451 1036 mandatorum
3483 991 3687 1038 tuorum

2115 1071 2222 1133 via,
2251 1069 2474 1138 hujusce
2495 1070 2936 1139 peregrinationis
2957 1084 3173 1125 cursum
3211 1071 3553 1127 absolverim.
3611 1075 3683 1128 Ac

2117 1174 2278 1223 nunc,
2309 1162 2514 1229 optime
2537 1161 2777 1226 Domine,
2801 1169 2959 1230 atque
2986 1161 3052 1215 ad
3083 1161 3510 1216 misericordiam
3559 1179 3685 1233 pro-

2117 1252 2452 1322 pensissime,
2480 1254 2530 1307 in
2560 1261 2757 1308 :eterna
2789 1252 3125 1309 tabernacula
3139 1261 3225 1307 tua
3252 1267 3338 1307 me
3365 1254 3569 1323 recipe,
3593 1271 3685 1309 nec

2113 1359 2174 1397 ea
2190 1346 2440 1398 memoria
2465 1345 2634 1400 retine
2654 1361 2771 1412 qua:
2794 1343 2879 1399 vel
2889 1344 3062 1399 sciens
3079 1344 3160 1398 vel
3175 1345 3410 1398 insciens
3431 1345 3484 1398 in
3503 1355 3554 1399 te
3570 1360 3687 1414 pec-

2114 1434 2250 1488 cavi.
2267 1433 2537 1488 Conserva
2551 1445 2728 1489 autem
2741 1433 2900 1489 etiam
2915 1432 3120 1488 ﬁdelem
3135 1432 3277 1487 hunc
3288 1447 3505 1488 servum
3525 1446 3687 1498 tuum,

2115 1524 2200 1578 cui
2231 1539 2317 1576 me
2343 1525 2585 1578 inutilem
2623 1525 2871 1578 famulum
2895 1531 3043 1578 tuum
3069 1538 3305 1592 praeesse
3332 1525 3567 1579 voluisti.
3607 1529 3686 1581 Ah

2115 1615 2259 1668 omni
2290 1616 2524 1669 vanitate
2544 1625 2702 1683 atque
2729 1615 3020 1670 adversarii
3045 1616 3327 1670 vexatione
3356 1615 3530 1684 ipsum
3580 1618 3693 1671 exi-

2118 1719 2236 1770 me;
2286 1705 2520 1774 illudque
2545 1706 2723 1772 eflice,
2772 1714 2828 1760 ut
2858 1704 3226 1760 nodosissimis
3249 1705 3312 1759 iis
3334 1707 3533 1776 laqueis
3559 1723 3694 1777 quos

434 1777 572 1847 xw).
607 1778 761 1843 Hzcc,
818 1792 881 1833 ac
908 1779 1074 1832 multo
1106 1779 1186 1834 bis
1217 1782 1363 1848 plura
1406 1783 1746 1838 sanctissima
1778 1784 1866 1838 illa
1897 1787 2015 1839 ani-
2045 1787 2092 1847 Β
2118 1797 2362 1852 diabolus
2389 1796 2456 1851 ad
2488 1812 2673 1850 eorum
2717 1798 2952 1850 omnium
2999 1795 3189 1864 quibus
3218 1796 3360 1852 salus
3407 1799 3555 1851 σοι-ἀί
3607 1807 3691 1852 εει

435 1883 545 1935 ma,
579 1883 643 1922 ac
673 1867 967 1936 theologica
995 1869 1174 1938 lingua
1203 1871 1358 1938 digna
1387 1873 1594 1928 locutus
1634 1890 1822 1941 senex,
1876 1891 2009 1932 mm-

435 1965 643 2012 rentem
667 1956 834 2024 ipsius
861 1959 1101 2013 animum
1126 1960 1330 2015 lenivit.
1386 1963 1592 2018 Deinde
1636 1965 1702 2020 ad
1750 1969 2008 2035 quosdam

431 2046 649 2109 fratres,
683 2048 842 2116 longo
866 2048 1145 2104 intervallo
1173 2052 1335 2122 336
1355 2054 1422 2107 ab
1451 2055 1569 2123 ipso
1596 2057 1834 2124 dissitos,
1884 2075 2004 2114 eum

428 2137 699 2201 amandat,
751 2149 804 2191 ut
834 2152 898 2194 ea
945 2153 1066 2207 quae
1114 2141 1178 2194 ad
1234 2154 1630 2200 sacrosanctum
1682 2149 2007 2204 sacrilicium

433 2226 826 2283 conficiendum
852 2232 1250 2288 accommodata
1266 2246 1423 2289 erant
1447 2237 1680 2292 afferret.
1703 2238 1770 2293 Et
1788 2240 2004 2309 quidem

428 2319 684 2390 Josaphat
731 2321 1034 2390 praecinctis
1095 2327 1328 2381 vestibus
1377 2344 1538 2394 quam
1577 2330 1861 2387 celerrime
1902 2332 2005 2388 hoc

426 2413 786 2467 ministerium
810 2414 1147 2483 exsequitur;
1176 2419 1769 2480 verebaturenimnese
1781 2423 2004 2480 absente

432 2504 674 2558 Barlaam
707 2503 948 2558 debitum
972 2512 1176 2558 naturae
1200 2520 1392 2558 munus
1421 2505 1772 2575 persolveret,
1813 2526 1877 2566 ac
1899 2513 2005 2567 Do-

424 2594 571 2648 mino
599 2593 845 2663 spiritum
893 2594 1145 2660 reddens,
1194 2610 1356 2665 grave
1384 2596 1485 2651 sibi
1514 2597 1896 2654 detrimentum
1926 2604 2002 2656 in-

424 2683 612 2750 ferret,
646 2684 908 2754 siquidem
932 2693 987 2740 et
1027 2686 1314 2742 verborum
1341 2695 1396 2740 et
1415 2697 1778 2747 extremarum
1803 2693 2002 2750 allocu-

422 2775 631 2832 tionum
655 2785 709 2831 et
737 2776 1038 2831 orationum
1065 2777 1232 2847 ipsius
1257 2793 1452 2847 expers
1477 2779 1680 2836 fuisset.

494 2867 627 2923 Cum
649 2869 807 2939 igitur
827 2869 1179 2939 longinquum
1209 2868 1338 2924 illud
1361 2870 1463 2925 iter
1493 2869 1789 2927 fortissimo
1816 2873 1998 2928 animo

421 2958 763 3025 confecisset,
792 2967 955 3029 atque
983 2974 1045 3013 ea
1076 2974 1195 3029 qua:
1231 2960 1298 3014 ad
1345 2970 1744 3017 sacrosanctum
1793 2963 1998 3018 sacriﬁ-

419 3049 560 3106 cium
590 3064 722 3116 opus
745 3060 896 3105 erant
922 3050 1208 3116 attulisset,
1259 3050 1620 3107 divinissimus
1647 3053 1888 3108 Barlaam
1921 3056 1997 3110 in-

418 3232 485 3286 sti
510 3232 577 3284 ab
598 3232 744 3285 omni
771 3231 892 3286 labe
933 3233 1080 3301 puris
1108 3233 1400 3302 mysteriis,
1459 3249 1523 3290 ac
1551 3236 1842 3305 Josaphato
1864 3238 1991 3294 item

416 3321 728 3390 impertitis,
785 3323 978 3389 spiritu
1009 3324 1313 3391 exsultavit,
1361 3336 1679 3396 sumptoque
1729 3327 1797 3383 de
1842 3343 1994 3385 more

416 3415 556 3481 cibo,
589 3414 909 3470 salutaribus
935 3430 1146 3470 rursum
1177 3418 1518 3473 sermonibus
1557 3418 1726 3487 ipsius
1754 3420 1989 3476 animum

415 3509 563 3564 alere
592 3510 778 3578 cmpit,
807 3509 890 3564 his
920 3509 1096 3565 verbis
1127 3516 1283 3565 utens
1308 3527 1322 3563 :
1373 3509 1492 3565 Non
1517 3511 1650 3579 jam,
1677 3511 1993 3570 charissime

413 3599 512 3664 fili,
559 3613 658 3654 nos
701 3599 755 3652 in
786 3597 887 3653 hac
907 3599 1012 3652 vita
1033 3598 1220 3654 eadem
1243 3598 1435 3654 domus
1463 3614 1526 3655 ac
1563 3616 1746 3656 mensa
1769 3602 1993 3672 conjun-

412 3697 524 3759 get,
549 3686 660 3757 jam
689 3687 832 3743 enim
856 3688 1094 3742 ultimam
1143 3698 1351 3755 patrum
1383 3705 1623 3745 meorum
1644 3691 1783 3745 viam
1815 3691 1993 3761 ingre-

412 3782 554 3837 dior.
585 3781 846 3848 Quocirca
874 3780 964 3835 tibi
991 3780 1292 3836 faciendum
1331 3790 1416 3838 est
1464 3791 1523 3837 ut
1573 3797 1672 3852 per
1715 3783 1990 3839 mandato-

409 3887 532 3928 rum
555 3871 857 3927 divinorum
880 3871 1329 3932 observationem,
1355 3879 1517 3940 atque
1560 3871 1615 3924 in
1646 3871 1747 3927 hoc
1776 3873 1894 3928 loco
1921 3873 1987 3928 ad

409 3969 712 4017 extremum
763 3975 932 4030 usque
986 3960 1108 4014 vitae
1158 3960 1301 4015 diem
1353 3961 1861 4027 commorationem,
1912 3963 1988 4018 tui

409 4065 538 4121 erga
571 4066 657 4106 me
699 4050 900 4105 amoris
954 4051 1226 4118 specimen
1256 4050 1543 4115 exhibeas;
1600 4051 1679 4106 sic
1735 4053 1985 4108 nimirum

407 4142 531 4196 vitae
562 4150 665 4195 tua:
711 4139 942 4195 rationes
993 4141 1294 4206 instituens,
1340 4142 1792 4211 quemadmodum
1845 4143 1987 4197 didi-

406 4231 546 4298 cisti,
579 4244 679 4286 nec
698 4244 930 4298 unquam
962 4229 1185 4298 abiectae
1211 4240 1373 4299 atque
1400 4230 1604 4299 ignava:
1633 4233 1826 4286 anima:
1853 4246 1986 4286 mete

405 4321 720 4378 memoriam
751 4319 1125 4375 intermittens.
1169 4319 1387 4373 Multum
1437 4321 1614 4389 itaque
1639 4322 1780 4387 vale,
1827 4332 1986 4391 atque

405 4413 461 4467 in
482 4411 691 4467 Christo
719 4409 1013 4475 delectare,
1042 4417 1200 4478 atque
1220 4408 1448 4477 exsulta,
1493 4409 1744 4479 quoniam
1773 4420 1983 4466 terrena

2114 1890 2464 1946 offensionem
2491 1890 2742 1959 expandit
2764 1889 3051 1945 sublimior
3079 1890 3288 1944 existat.
3334 1891 3556 1945 Omnem
3583 1893 3673 1944 im-

2113 1982 2345 2050 postoris
2372 1985 2691 2053 potentiam,
2715 1982 3055 2050 omnipotens
3087 1982 3239 2050 Deus,
3272 1998 3300 2036 a
3327 1985 3464 2038 servi
3493 1986 3573 2038 tui
3603 1985 3676 2037 fa-

2109 2074 2191 2127 cie
2227 2073 2380 2137 dele;
2434 2082 2592 2142 atque
2635 2086 2726 2126 eas
2753 2071 2853 2140 ipsi
2884 2075 3023 2126 vires
3066 2071 3214 2133 all‘rr,
3263 2082 3318 2125 ut
3367 2074 3684 2142 pestiferum

2109 2164 2280 2218 hostis
2296 2166 2593 2217 animarum
2618 2173 2920 2217 nostrarum
2949 2170 3108 2229 caput
3130 2161 3421 2230 proculcet.
3443 2163 3683 2231 Spiritus

2110 2256 2186 2310 tui
2214 2255 2385 2310 sancti
2406 2254 2628 2323 gratiam
2657 2268 2720 2307 ex
2744 2254 2851 2308 alto
2883 2252 2935 2306 in
2960 2266 3082 2306 eum
3132 2252 3372 2318 demitte,
3431 2261 3592 2323 atque
3617 2253 3683 2307 ad

2107 2345 2410 2400 invisibiles
2439 2343 2718 2399 conflictus
2749 2343 2916 2398 robur
2937 2344 3038 2413 ipsi
3070 2343 3305 2409 adde,ut
3331 2344 3568 2400 victoria:
3594 2361 3683 2400 co-

2106 2452 2296 2492 ronam
2325 2453 2355 2491 3
2384 2445 2438 2491 te
2463 2445 2843 2504 consequatur,
2875 2449 2938 2489 ac
2960 2449 3152 2489 nomen
3185 2445 3399 2500 tuum,o
3427 2435 3598 2501 Pater,
3621 2451 3678 2492 π

2106 2527 2224 2582 Filii
2256 2527 2351 2592 tui,
2379 2535 2432 2581 et
2459 2526 2690 2595 Spiritus
2719 2527 2910 2590 sancti,
2968 2526 3020 2579 in
3051 2527 3166 2595 ipso
3195 2527 3516 2593 celebretur,
3547 2544 3676 2598 quo-

2103 2621 2244 2672 niam
2273 2627 2322 2672 te
2348 2617 2502 2673 decet
2529 2618 2643 2672 laus
2665 2627 2719 2672 et
2744 2617 2910 2686 gloria
2939 2618 2993 2672 in
3017 2617 3236 2673 saecula.
3261 2621 3454 2675 Amen.

2173 2731 2284 2787 llac
2306 2731 2614 2801 precatione
2644 2729 2842 2795 habita,
2892 2744 3012 2786 cum
3052 2739 3272 2800 paterno
3301 2733 3486 2789 atl'ectu
3515 2733 3669 2789 Josa-

2101 2823 2320 2891 phatum
2363 2822 2694 2892 complexus,
2731 2830 2889 2892 atque
2916 2823 3099 2877 osculo
3116 2833 3299 2878 sancto
3334 2827 3670 2883 exosculatus

2100 2912 2305 2980 fuisset,
2329 2927 2393 2967 ac
2419 2927 2540 2968 sese
2563 2913 2740 2968 crucis
2770 2915 2924 2984 signo
2951 2914 3251 2980 muniisset,
3279 2915 3544 2986 pedesque
3571 2933 3666 2970 ex-

2101 3003 2326 3070 tulisset,
2382 3005 2581 3073 ingenti
2617 3004 2803 3059 laetitia
2844 3005 3110 3075 perfusus,
3163 3021 3270 3060 non
3326 3021 3480 3063 secus
3512 3027 3574 3063 ac
3619 3012 3667 3064 si

2024 3148 2066 3169 η
2098 3094 2254 3147 amici
2282 3093 2495 3163 quidam
2518 3096 2890 3163 accessissent,
2914 3096 2981 3151 ad
3009 3096 3224 3151 beatum
3254 3099 3375 3165 iter,
3404 3110 3562 3169 atque
3592 3101 3658 3153 ad

420 3150 700 3197 cruentum
731 3142 1052 3198 sacrificium
1071 3143 1182 3199 Deo
1200 3143 1419 3206 obtulit;
1453 3146 1824 3216 perceptisque
1840 3147 1994 3203 Cbri-
2021 3148 2068 3212 C

2098 3185 2402 3255 recipienda
2443 3186 2614 3242 beata:
2667 3187 2811 3243 illius
2854 3185 2976 3241 vita:
3013 3188 3230 3258 praemia
3259 3189 3522 3258 profectus
3551 3203 3655 3253 est,

2096 3288 2264 3329 senex
2294 3274 2470 3343 plane,
2519 3289 2582 3330 ac
2629 3275 2985 3345 spiritualium
3014 3276 3222 3332 dierum
3251 3279 3452 3348 plenus.

2161 3387 2294 3442 Cxp.
2322 3385 2436 3441 XL.
2465 3416 2536 3427 —
2561 3385 2817 3457 Josaphat
2841 3398 3019 3443 autem
3061 3402 3266 3444 summa
3293 3405 3416 3447 cum
3445 3409 3666 3449 venera-

2079 3473 2228 3530 tione
2254 3484 2417 3544 atque
2448 3473 2650 3544 ejulatu
2680 3482 2886 3544 patrem
2912 3475 3248 3545 complexus,
3302 3479 3662 3552 lacrymisque

2081 3563 2263 3620 abluto
2293 3565 2463 3634 ipsius
2488 3578 2737 3634 corpore,
2770 3571 2934 3632 atque
2961 3579 3154 3634 aspero
3182 3567 3273 3622 illo
3301 3569 3497 3636 cilicio,
3519 3569 3663 3642 quod

2071 3657 2139 3711 ab
2173 3671 2238 3711 eo
2266 3657 2319 3710 in
2347 3656 2468 3710 aula
2496 3661 2798 3724 acceperat,
2823 3654 3084 3720 involuto,
3114 3668 3403 3714 consuetos
3429 3662 3663 3731 psalmos

2075 3746 2289 3812 recitat,
2319 3761 2418 3815 per
2449 3754 2620 3800 totum
2647 3744 2786 3799 diem
2826 3759 2891 3799 ac
2945 3753 3113 3800 totam
3164 3757 3375 3802 noctem
3414 3749 3572 3805 simul
3607 3757 3663 3805 et

2077 3851 2298 3902 canens,
2329 3844 2383 3890 et
2411 3835 2705 3904 pretiosum
2751 3835 2895 3890 beati
2940 3835 3040 3890 viri
3071 3851 3267 3906 corpus
3312 3838 3562 3910 lacrymis
3589 3841 3661 3896 ri-

2076 3937 2228 3995 gans.
2260 3925 2523 3981 Postridie
2559 3935 2738 3980 autem
2785 3925 2981 3982 ell‘osso
3004 3927 3158 3996 juxta
3205 3929 3517 3998 speluncam
3573 3948 3657 3986 se-

2076 4016 2291 4085 pulcro,
2327 4032 2392 4071 ac
2418 4032 2573 4071 sacro
2620 4032 2852 4086 corpore
2893 4027 3207 4073 reverenter
3236 4018 3523 4073 admodum
3571 4035 3661 4089 ge-

2087 4124 2250 4182 stato,
2278 4113 2616 4184 spiritualem
2660 4121 2865 4183 patrem
2915 4114 3159 4184 egregius
3214 4124 3268 4168 et
3319 4114 3661 4167 charissimus

2091 4205 2594 4266 filiusinhumavit,
2627 4204 3009 4273 ardentiusque
3051 4207 3230 4258 animo
3277 4205 3657 4264 inﬂammatus,

2086 4309 2245 4370 atque
2272 4299 2338 4354 ad
2368 4299 2663 4353 orationem
2695 4298 2933 4367 seipsum
2975 4313 3130 4368 quam
3162 4312 3395 4352 maxime
3443 4308 3661 4351 conten-

2086 4391 2241 4457 dens,
2275 4391 2356 4444 his
2384 4391 2563 4445 verbis
2591 4404 2717 4444 usus
2752 4402 2836 4445 εει
2867 4405 2880 4419 -

405 4512 461 4560 et
488 4501 724 4557 interitui
755 4500 986 4557 obnoxia
1013 4515 1133 4555 cum
1165 4499 1505 4568 sempiternis
1552 4508 1608 4554 et
1651 4500 1719 4554 ab
1771 4502 1984 4557 interitu
2015 4506 2064 4566 ο
2158 4502 2386 4558 Domine
2414 4502 2554 4558 Deus
2591 4517 2765 4568 meus,
2811 4499 3009 4557 exaudi
3033 4499 3327 4554 orationem
3359 4512 3534 4552 meam
3563 4513 3657 4562 qua

407 4596 599 4652 alienis
627 4595 783 4650 bonis
803 4593 1177 4657 commutasti;
1209 4607 1271 4647 ac
1302 4593 1594 4662 propinqua
1623 4604 1708 4648 est
1761 4608 1980 4661 operum

405 4699 619 4743 tuorum
642 4699 871 4749 merces,
893 4699 956 4740 ac
982 4683 1091 4754 jam
1116 4683 1333 4754 jamque
1363 4684 1515 4738 adest
1543 4685 1633 4755 qui
1681 4687 1980 4742 mercedem

403 4779 591 4834 refert.
640 4777 743 4845 Qui
785 4775 998 4847 quidem
1029 4775 1096 4829 ad
1145 4775 1530 4841 inspiciendam
1576 4791 1693 4831 eam
1749 4779 1980 4842 vineam,

401 4886 562 4940 quant
584 4869 891 4934 excoluisti,
916 4867 1110 4934 veniet,
1160 4866 1359 4935 tibique
1387 4882 1482 4933 pro
1507 4882 1568 4921 ea
1600 4869 1808 4923 exculta
1837 4885 1981 4924 mer-

401 4961 588 5016 cedem
619 4959 1001 5029 amplissimam
1031 4957 1307 5026 prazbebit.
1369 4956 1568 5012 Fidelis
1608 4961 1747 5013 enim
1781 4975 1981 5026 sermo,

403 5057 465 5103 ut
491 5049 688 5103 clamat
717 5048 925 5104 divinus
953 5048 1148 5103 Paulus
1177 5046 1448 5116 apostolus
1481 5046 1534 5117 (I
1566 5047 1697 5104 Tim.
1731 5049 1794 5120 ι),
1826 5061 1985 5120 atque

403 5140 552 5195 omni
576 5141 889 5210 acceptione
927 5139 1116 5209 dignus
1163 5155 1178 5194 :
1233 5139 1289 5194 Si
1319 5139 1723 5207 commorimur,
1777 5151 1832 5195 et
1855 5157 1983 5196 con-

403 5231 685 5294 vivemus;
717 5231 762 5285 si
782 5231 1128 5299 sustinemus,
1172 5240 1226 5285 et
1252 5231 1717 5302 conregnabimus,
1760 5232 1811 5286 in
1843 5247 1984 5287 scm-

402 5321 615 5392 piterno
645 5321 737 5375 illo
760 5335 822 5377 ac
847 5320 967 5374 finis
991 5331 1214 5389 experte
1242 5336 1408 5389 regno
1434 5322 1838 5390 incomparabili
1862 5324 1981 5379 luce

401 5413 722 5480 collustrati,
755 5422 918 5484 atque
947 5428 1073 5469 vere
1105 5415 1273 5470 beatae
1303 5431 1366 5471 ac
1407 5417 1660 5487 principis
1705 5416 1982 5473 Trinitatis

400 5507 789 5566 illuminatioue
836 5507 1041 5562 donati.
1105 5509 1232 5563 llzec
1286 5508 1529 5565 Barlaam
1585 5510 1649 5563 ad
1700 5524 1979 5578 vesperam

402 5617 591 5671 usque,
650 5615 712 5657 ac
751 5616 847 5671 per
879 5609 1040 5654 totam
1078 5601 1237 5654 etiam
1288 5611 1522 5668 noctem,
1581 5601 1873 5672 Josaphato
1901 5603 1980 5658 lo-

400 5695 665 5766 quebatur
708 5692 1029 5753 effusissime
1059 5693 1392 5761 lacrymanti,
1450 5703 1609 5761 atque
1669 5693 1976 5762 huiusmodi

2091 4594 2316 4650 clamavi
2339 4595 2404 4649 ad
2429 4603 2501 4664 te,
2525 4594 2782 4649 miserere
2812 4593 2942 4655 mei,
2968 4600 3022 4646 et
3051 4590 3240 4646 exaudi
3271 4604 3377 4653 me,
3410 4591 3656 4657 quoniam

2091 4695 2142 4741 te
2168 4700 2234 4740 ex
2259 4686 2439 4740 animo
2460 4699 2673 4755 quaero:
2701 4683 2989 4755 exquisivit
3009 4692 3061 4738 te
3081 4684 3253 4736 anima
3277 4697 3417 4749 mea,
3433 4696 3498 4736 ne
3513 4695 3659 4733 aver-

2094 4785 2174 4832 tas
2201 4776 2388 4832 faciem
2411 4787 2551 4830 tuam
2583 4792 2612 4830 a
2653 4791 2758 4838 me,
2807 4784 2948 4830 etne
2976 4774 3211 4829 declines
3249 4775 3302 4828 in
3336 4775 3412 4828 ira
3442 4791 3472 4828 a
3502 4790 3658 4828 servo

2092 4876 2204 4922 tuo.
2233 4868 2456 4936 Adjutor
2484 4882 2637 4922 meus
2661 4877 2796 4932 esto,
2840 4881 2909 4922 ne
2939 4865 3277 4936 derelinquas
3310 4881 3430 4932 me,
3489 4880 3656 4933 neque

2091 4959 2358 5027 despicias
2381 4973 2486 5023 me,
2536 4958 2675 5013 Deus
2701 4957 2950 5012 salutaris
2999 4972 3168 5011 meus.
3212 4956 3473 5024 Quoniam
3512 4965 3654 5024 pater

2091 5065 2241 5106 meus
2268 5061 2323 5105 et
2351 5060 2520 5104 mater
2541 5065 2659 5104 mea
2689 5049 3084 5116 dereliquerunt
3109 5062 3213 5112 me,
3241 5057 3293 5101 tu
3318 5056 3518 5110 autem,
3555 5045 3654 5099 Do.

2093 5145 2254 5208 mine,
2285 5142 2614 5211 assuntpsisti
2638 5155 2742 5196 me.
2773 5141 2962 5209 Legem
2995 5154 3132 5208 pone
3161 5139 3312 5203 mihi,
3336 5139 3576 5199 Domine,
3604 5136 3652 5187 iu

2090 5236 2170 5288 via
2196 5244 2306 5298 tua,
2338 5242 2392 5288 et
2417 5233 2585 5301 dirige
2615 5246 2700 5286 me
2731 5231 2782 5285 in
2811 5233 3054 5285 semitam
3085 5240 3286 5284 rectam
3315 5239 3531 5298 promer
3563 5226 3652 5279 ini-

2091 5325 2258 5380 micos
2278 5339 2450 5379 meos.
2479 5322 2558 5378 Ne
2582 5323 2862 5377 tradideris
2881 5337 2964 5376 me
2991 5321 3042 5375 in
3065 5321 3269 5376 animas
3293 5317 3654 5373 tribulanlium

2090 5431 2176 5471 me
2208 5414 2384 5485 (Psal.
2410 5413 2579 5484 xxvi),
2611 5415 2860 5482 quoniam
2885 5413 2936 5467 in
2966 5422 3018 5468 te
3045 5412 3309 5482 proiectus
3336 5411 3493 5481 337
3541 5423 3656 5462 sum

2088 5523 2153 5562 ex
2181 5517 2351 5572 utero.
2395 5505 2472 5559 De
2497 5513 2683 5558 ventre
2722 5503 2907 5556 matris
2951 5517 3083 5556 mere
3110 5502 3251 5556 Deus
3280 5515 3432 5556 meus
3455 5514 3514 5553 es
3547 5515 3561 5551 :
3591 5514 3658 5552 ne

2088 5598 2402 5653 discesseris
2444 5613 2472 5650 a
2520 5612 2606 5653 me
2655 5596 2828 5668 (Psal.
2860 5599 2991 5664 xxi).
3045 5596 3305 5662 Quoniam
3365 5603 3556 5663 praeter
3606 5601 3659 5645 te

2087 5708 2192 5747 non
2239 5700 2319 5746 est
2347 5689 2478 5744 mihi
2526 5688 2757 5760 adiutor.
2803 5688 2881 5743 Eu
2911 5688 2968 5744 in
3015 5687 3420 5746 miserationum
3454 5695 3654 5742 tuarum
