4010 6276
365 298 459 352 σοι

801 295 962 351 νΠΑ
1000 294 1410 350 SANCTORUM
1451 291 1776 347 BARLAAM
1815 289 2139 344 EREMITtE
2182 294 2268 347 ET
2307 296 2658 353 JOSAPHAT
2698 300 2906 355 ίΝυιΑε
2947 301 3166 358 REGIS.

3515 307 3620 360 602

360 411 552 480 abyssti
580 421 730 475 spem
751 407 942 461 animae
972 421 1103 460 mem
1124 404 1302 458 deﬁxi.
1337 403 1507 456 Vitam
1539 416 1713 456 meam
1741 399 1933 468 guber.
1965 399 2010 458 A
2037 401 2211 456 adhuc
2241 402 2490 474 habebat,
2545 423 2608 463 ac
2632 409 2795 463 multa
2840 425 2962 465 cum
2991 414 3344 472 admiratione
3367 419 3435 472 ad
3481 419 3619 486 grati

362 515 451 563 na,
495 499 583 566 qui
615 512 702 552 res
742 512 927 552 omnes
947 497 1188 550 conditas
1251 496 1526 560 sapientiae
1577 490 1932 560 providentia,

360 590 504 644 omni
533 604 780 643 sermone
810 586 1183 656 prtestantiori.
1210 587 1524 642 moderaris.
1553 585 1619 638 Et
1647 593 1828 637 notam
1852 583 1937 636 fac

360 681 490 734 mihi
519 681 683 744 viam,
713 680 764 733 in
806 694 909 748 qua
935 678 1231 739 ambulem;
1280 688 1440 746 atque
1471 685 1528 730 ut
1555 677 1726 730 bonus
1754 687 1817 728 ac
1844 676 1938 728 be-

364 779 554 838 ttignus‘
589 775 866 842 Deus,-per
897 773 1078 827 famuli
1110 773 1184 825 tui
1216 772 1455 826 Barlaam
1487 784 1679 839 preces
1723 783 1782 821 ac
1811 783 1936 836 sup-

364 866 678 937 plicationes
707 882 792 919 me
819 880 994 930 serva,
1038 867 1286 932 quoniam
1327 875 1379 920 tu
1413 866 1551 918 Deus
1584 878 1731 919 meus
1761 877 1842 928 es,
1873 875 1937 916 ac

362 973 414 1016 te
437 960 680 1037 gloriﬁco
711 959 941 1022 Patrem,
967 968 1021 1013 et
1054 958 1266 1023 Filium,
1305 968 1358 1012 et
1378 957 1631 1028 Spiritum
1687 969 1931 1014 sanctum

361 1054 410 1105 in
442 1053 658 1106 srrcula.
689 1049 880 1106 Amen.
908 1052 1018 1106 llac
1042 1052 1281 1106 oratione
1305 1053 1638 1120 perfunctus,
1662 1051 1813 1119 juxta
1845 1068 1936 1107 se-

361 1147 597 1212 pulcrum
629 1144 764 1198 ﬂens
789 1145 1051 1209 consedit,
1081 1160 1142 1199 ac
1167 1145 1362 1199 sedens
1382 1145 1724 1199 obdormivit.
1762 1147 1933 1212 Atque

358 1235 724 1291 formidandos
765 1238 886 1292 illos
913 1239 1073 1300 viros,
1103 1251 1240 1306 quos
1270 1237 1414 1305 prius
1444 1250 1814 1304 conspexerat,
1865 1237 1930 1290 ad

358 1341 417 1382 se
443 1327 743 1394 venientes,
771 1344 936 1399 seque
956 1329 1022 1383 ad
1045 1330 1336 1383 maximum
1368 1330 1514 1383 illum
1559 1338 1615 1384 et
1660 1329 1934 1384 admiran-

355 1415 481 1469 dum
534 1431 783 1486 campum
853 1419 1129 1484 ducentes,
1189 1427 1348 1488 atque
1401 1419 1455 1473 in
1509 1417 1930 1472 illustrissimam

356 1505 502 1560 illam
559 1522 624 1562 ac
674 1510 1160 1578 splendidissimam
1233 1510 1504 1565 civitatem
1587 1510 1932 1565 introducan-

359 1605 461 1660 tes,
522 1598 715 1653 intueri
771 1600 874 1655 sibi
915 1601 1055 1655 visus
1085 1610 1185 1656 est.
1217 1599 1348 1655 Cum
1393 1609 1571 1656 autem
1626 1602 1742 1670 ipse
1807 1616 1931 1670 por-

359 1699 465 1745 tam
518 1691 930 1760 ingrederetur,
985 1694 1076 1748 alii
1139 1693 1240 1762 ipsi
1297 1693 1505 1747 obviam
1556 1692 1795 1757 fuerunt,
1848 1694 1929 1746 in-

2039 496 2202 549 animi
2223 498 2669 565 signiﬁcationem
2699 501 2865 555 Deum
2891 503 3136 558 laudibus
3163 506 3431 562 eﬂ‘erebat.

2111 585 2301 640 Mansit
2331 597 2507 642 autem
2539 590 2605 643 ad
2634 602 2932 646 extremum
2974 608 3140 661 usque
3169 611 3296 650 vere
3323 600 3614 666 angelicam

2038 675 2091 730 in
2122 686 2261 731 terra
2296 679 2457 733 vitam
2485 682 2709 750 ducens,
2743 699 2804 737 ac
2834 684 3031 738 duriori
3065 686 3324 755 religiosm
3350 691 3618 744 exercita-

2037 768 2195 822 tionis
2232 784 2425 838 genere
2455 785 2575 841 post
2616 778 2759 829 senis
2790 777 3083 831 discessum
3109 789 3284 834 utens.
3332 780 3462 833 Nam
3492 797 3615 835 cum

2035 875 2176 914 anno
2202 865 2375 918 artatis
2406 867 2663 934 vigesimo
2705 871 2891 938 quinto
2929 887 3150 939 regnum
3194 881 3460 927 terrenum
3492 875 3616 928 reli-

2035 954 2262 1021 quisset,
2284 960 2696 1029 monasﬁcmque
2728 961 2851 1015 vitm
2875 972 3142 1018 certamen
3169 965 3438 1029 subiisset,
3463 964 3616 1032 quiu-

2036 1059 2141 1108 que
2187 1055 2242 1098 et
2292 1048 2500 1114 triginta
2530 1065 2699 1103 annos
2745 1051 2796 1104 in
2843 1053 3140 1106 vastissima
3185 1070 3247 1107 ea
3301 1055 3612 1120 solitudine,

2039 1135 2259 1201 perinde
2302 1152 2363 1191 ac
2390 1140 2434 1192 si
2477 1141 2619 1193 nulla
2658 1143 2834 1194 carnis
2865 1151 3016 1210 parte
3061 1153 3356 1207 constaret,
3387 1144 3616 1198 humana

2035 1225 2340 1281 conditione
2380 1230 2745 1284 sublimiorem
2791 1235 2950 1285 vitam
2993 1234 3147 1302 egit:
3192 1235 3269 1286 sic
3315 1239 3527 1302 nempe,
3559 1244 3617 1287 ut

2038 1319 2231 1372 multas
2262 1321 2474 1388 quidem
2499 1323 2770 1376 hominum
2799 1326 3003 1377 animas
3033 1342 3060 1377 a
3094 1326 3346 1391 pestifero
3373 1333 3618 1393 serpente

2037 1409 2182 1474 prius
2211 1409 2552 1478 abstraxcrit,
2583 1412 2797 1480 Deoque
2828 1414 3059 1480 integras
3100 1425 3154 1468 et
3183 1417 3474 1468 incolumes
3502 1429 3617 1468 ser-

2035 1499 2255 1562 vavetit,
2289 1515 2458 1568 eaque
2489 1505 2538 1554 in
2572 1517 2628 1556 re
2658 1503 3000 1570 apostolicam
3032 1505 3256 1572 gratiam
3301 1515 3618 1557 consecutus

2037 1587 2136 1650 sit,
2170 1589 2439 1656 animique
2468 1589 2628 1644 etiam
2671 1592 2974 1645 inductione
3012 1604 3214 1662 martyr
3239 1595 3524 1658 exstiterit,
3556 1609 3618 1646 ac

2037 1675 2303 1732 Christum
2347 1678 2398 1732 in
2445 1695 2625 1748 regum
2655 1696 2718 1735 ac
2748 1691 3092 1752 tyrannorqu
3119 1683 3288 1736 oculis
3317 1691 3369 1736 et
3398 1692 3616 1744 aspectu

354 1784 500 1851 Remi
532 1755 735 1840 lu'mine
767 1755 986 1852 perfugi,
1017 1755 1350 1853 (“rogasque
1395 1785 1656 1851 ejusmodi
1691 1755 1928 1853 purchri-
1961 1755 2006 1812 Β
2039 1768 2217 1823 ﬁdenti
2268 1772 2448 1825 animo
2489 1773 2766 1828 confessus
2794 1776 2880 1839 sit,
2910 1777 3404 1842 vocalissimumque
3451 1775 3618 1840 ipsius

355 1875 543 1931 tudine
569 1877 916 1940 collucentes,
945 1891 1064 1943 quae
1085 1876 1227 1930 nulla
1260 1877 1502 1931 oratione
1538 1875 1766 1944 exprimi
1799 1891 1927 1944 pos-

353 1969 444 2034 sit,
476 1980 531 2023 et
551 1970 737 2040 quales
756 1984 1018 2038 nunquam
1061 1969 1314 2025 mortales
1345 1969 1482 2023 oculi
1509 1976 1925 2035 conspexerunt,

358 2060 603 2114 manibus
652 2069 908 2114 tenentes.
944 2060 1298 2114 Percontante
1327 2069 1508 2114 autem
1557 2060 1930 2129 Josaphatcu-

355 2148 568 2218 jusnam
600 2159 783 2205 essent
803 2149 1248 2220 splendidissima:
1278 2150 1385 2204 illa:
1411 2166 1624 2206 corona:
1641 2165 1776 2220 quas
1808 2165 1933 2218 per-

355 2243 592 2306 spiceret
632 2258 648 2296 :
692 2241 801 2296 Tua
831 2241 1045 2310 quidem
1098 2257 1200 2296 una
1231 2252 1315 2299 est
1355 2242 1772 2312 (responderunt
1827 2245 1925 2314 illi)

357 2335 451 2386 tibi
480 2335 549 2388 ob
589 2335 782 2388 multas
823 2349 915 2389 cas
961 2336 1169 2390 animas
1217 2337 1409 2404 quibus
1438 2338 1664 2392 salutem
1708 2340 1929 2394 attulisti

355 2425 635 2488 confecta,
694 2439 831 2478 nunc
877 2440 1004 2480 vero
1047 2425 1118 2479 ob
1145 2426 1406 2495 religiosa:
1443 2427 1566 2482 vita:
1588 2430 1930 2483 exercitatio-

355 2533 502 2584 nem,
533 2517 620 2572 cui
649 2517 744 2572 das
764 2532 1000 2583 operam,
1054 2518 1344 2574 studiosius
1391 2530 1444 2574 et
1489 2523 1788 2576 accuratius
1837 2524 1931 2578 ad-

354 2618 568 2672 ornata,
591 2607 636 2660 si
665 2607 876 2677 quidem
908 2619 1128 2662 strenuo
1173 2610 1355 2665 animo
1383 2625 1501 2666 eam
1531 2619 1597 2666 ad
1627 2621 1928 2669 extremum

355 2718 522 2773 usque
547 2701 861 2773 peragraris.
893 2701 1074 2756 Altera
1102 2712 1281 2758 autem
1312 2712 1402 2759 tua
1432 2720 1647 2776 quoque
1675 2707 1788 2775 ipsa
1814 2717 1924 2772 est;

353 2810 535 2850 verum
550 2795 686 2865 patri
708 2803 817 2858 tuo,
849 2794 939 2862 qui
963 2795 1030 2848 ab
1055 2795 1301 2863 improba
1331 2797 1546 2852 vivendi
1572 2798 1782 2853 ratione
1811 2815 1932 2870 ope-

355 2902 412 2940 ra
436 2897 522 2939 tua
553 2885 803 2950 deﬂexit,
857 2885 1174 2956 sinceraque
1203 2890 1384 2942 animo
1416 2890 1659 2957 resipuit,
1717 2905 1781 2944 ac
1809 2906 1929 2947 sese

354 2978 418 3031 ad
451 2978 732 3032 Dominum
764 2979 1048 3045 convertit,
1083 2994 1200 3034 eam
1234 2982 1476 3049 praebeas
1505 2991 1741 3050 oportet;
1773 2983 1928 3037 Josa-

358 3069 484 3137 pbat
510 3078 686 3123 autem
723 3083 840 3123 eam
871 3083 986 3123 rem
1038 3069 1260 3126 moleste
1311 3072 1453 3127 ferre
1513 3073 1806 3128 videbatur.
1861 3073 1927 3128 Et
1957 3119 2002 3139 ,,

2033 1862 2325 1927 majestatis
2380 1878 2679 1929 pneconem
2734 1880 2852 1918 sese
2902 1865 3230 1936 praebuerit;
3310 1866 3617 1932 multosque

2033 1968 2243 2006 rursum
2310 1968 2501 2020 pravos
2557 1957 2774 2023 spiritus
2828 1973 2879 2009 tn
2937 1955 3222 2010 so'itudine
3280 1957 3610 2026 proﬂigant,

2033 2056 2324 2109 omnesque
2351 2043 2549 2098 Christi
2580 2047 2626 2098 vi
2657 2061 2718 2098 ac
2749 2046 2982 2115 potentia
3030 2046 3313 2114 superarit,
3347 2047 3608 2101 caelestis-

2033 2147 2136 2198 que
2170 2134 2408 2188 beneﬁcii
2437 2143 2596 2204 atque
2624 2138 2807 2206 gratiae
2836 2138 3103 2191 uberrime
3152 2138 3413 2204 particeps
3442 2139 3610 2192 factus

2036 2222 2124 2275 sit.
2156 2222 2305 2278 Unde
2335 2226 2494 2278 etiam
2523 2227 2689 2281 animi
2718 2229 2927 2281 oculum
2959 2229 3025 2281 ab
3053 2227 3198 2281 omni
3230 2237 3438 2282 terrena
3479 2228 3610 2281 cali-

2033 2314 2155 2380 gine
2197 2329 2384 2380 purum
2424 2315 2674 2381 habebat,
2714 2332 2776 2371 ac
2819 2318 2994 2370 futura
3047 2326 3295 2384 tanquam
3333 2317 3613 2384 praesentia

2035 2405 2410 2473 prospiciebat,
2440 2407 2790 2476 Christusque
2820 2409 2916 2474 ipsi
2951 2423 3127 2461 rerum
3160 2409 3396 2460 omnium
3445 2409 3614 2461 instar

2033 2504 2167 2558 erat,
2206 2496 2477 2550 Christum
2523 2500 2828 2566 expetebat,
2880 2499 3144 2554 Christum
3195 2514 3298 2554 nou
3351 2515 3506 2553 secus
3549 2513 3614 2552 ac

2034 2599 2353 2658 praesentem
2397 2591 2692 2658 cernebat,
2737 2591 2932 2646 Christi
2981 2591 3428 2660 pulchritudinem
3475 2606 3612 2645 nun..-

2032 2697 2189 2750 quam
2220 2699 2325 2737 non
2361 2683 2683 2748 intuebatur,
2723 2684 2872 2752 juxta
2922 2685 3048 2739 illud
3081 2684 3402 2753 Propheta:
3430 2684 3614 2737 Provi-

2033 2773 2222 2828 debam
2248 2775 2528 2830 Dominum
2560 2776 2609 2828 in
2637 2787 2926 2846 conspectu
2953 2791 3072 2830 meo
3101 2790 3334 2842 semper,
3363 2774 3612 2844 quoniam

2031 2883 2061 2920 a
2093 2867 2294 2921 dextris
2341 2877 2423 2921 est
2472 2868 2625 2931 mihi,
2676 2883 2742 2923 ne
2786 2883 3125 2922 commovear
3153 2866 3329 2938 (Paul.
3363 2868 3483 2936 xv).
3537 2871 3614 2922 Ac

2033 2973 2241 3012 rursum
2278 2975 2291 3011 :
2323 2958 2561 3012 Adhmsit
2599 2960 2773 3014 anima
2825 2975 2941 3014 mea
2976 2970 3094 3029 post
3142 2967 3212 3024 te,
3255 2974 3340 3013 me
3383 2962 3617 3028 suscepit

2033 3048 2258 3102 dextera
2311 3059 2399 3102 tua
2453 3050 2631 3118 (Psal.
2673 3052 2840 3119 xxvr).
2896 3052 3102 3105 Etenim
3159 3067 3216 3105 re
3269 3066 3392 3105 vera
3449 3052 3617 3120 ipsius

353 3119 575 3226 agi—ﬁgi
607 3169 779 3228 poles,
807 3160 1126 3230 (inquiebat)
1171 3170 1227 3215 ut
1255 3170 1405 3231 pater
1429 3179 1582 3220 meus
1609 3166 1764 3219 unius
1793 3166 1930 3220 dum
1956 3119 2004 3178 (ιὶ
2036 3141 2212 3192 anima
2240 3149 2358 3206 post
2383 3140 2653 3194 Christum
2698 3142 2954 3206 adhaesit,
2996 3142 3300 3196 ﬁrmissimo
3335 3158 3472 3197 nexu
3513 3142 3614 3208 ipsi

353 3261 500 3307 taxat
527 3253 854 3320 poenitentiae
879 3253 1070 3323 gratia,
1097 3255 1241 3321 paria
1272 3257 1426 3328 mihi,
1453 3260 1542 3328 qui
1566 3269 1641 3314 tot
1662 3274 1722 3313 ac
1751 3270 1929 3315 tantos

351 3345 561 3399 labores
604 3345 912 3412 exantlavi,
956 3344 1218 3402 beneﬁcia
1267 3352 1659 3420 consequatur?
1716 3352 1842 3406 Haec
1866 3362 1925 3406 ut

352 3437 518 3503 dixit,
553 3436 886 3491 Barlaamum
937 3437 1221 3492 confestim
1252 3440 1357 3495 sibi
1400 3441 1582 3496 videre
1634 3444 1774 3497 visus
1824 3454 1926 3509 est,

351 3531 496 3583 velut
523 3528 734 3597 probris
767 3544 824 3583 se
846 3528 1217 3594 insectantem,
1258 3544 1319 3585 ac
1349 3531 1613 3587 dicentem
1644 3551 1656 3586 :
1688 3533 1751 3586 Hi
1783 3543 1908 3587 sunt

353 3634 386 3671 ο
414 3618 692 3687 Josaphat,
719 3633 998 3675 sermones
1029 3635 1153 3686 met,
1174 3636 1308 3687 quos
1339 3623 1606 3689 quondam
1627 3626 1694 3676 ad
1729 3632 1783 3677 te
1833 3624 1930 3678 ha-

352 3713 440 3766 bui
469 3729 483 3764 :
517 3711 770 3766 nimirum
794 3711 906 3766 fore
930 3722 986 3766 ut
1007 3726 1128 3766 cum
1149 3713 1215 3767 ad
1244 3716 1480 3782 ingentes
1502 3730 1632 3782 opes
1655 3719 1932 3785 pervenis-

355 3818 465 3866 ses,
495 3817 600 3857 non
625 3803 734 3872 jam
767 3803 1001 3858 liberalis
1029 3818 1090 3857 ac
1119 3804 1372 3872 profusus
1400 3820 1573 3869 esses,
1607 3820 1670 3860 ac
1700 3813 1753 3858 tu
1778 3806 1847 3860 ob
1877 3807 1927 3861 id

347 3896 566 3948 verbum
588 3893 804 3963 ancipiti
828 3896 1006 3950 animo
1034 3911 1174 3951 eras.
1203 3897 1353 3950 Nunc
1374 3906 1548 3952 autem
1573 3915 1803 3968 quonam
1836 3916 1927 3970 pa-

346 3998 432 4041 cto
462 4001 642 4056 parem
673 3986 768 4040 tibi
803 3988 1005 4043 honore
1031 3997 1233 4054 patrem
1259 4004 1379 4044 esse
1405 3990 1629 4045 moleste
1652 3991 1836 4054 tulisti,
1867 4007 1929 4046 ac

349 4093 453 4131 non
504 4078 678 4145 potius
726 4078 828 4134 hoc
860 4081 1076 4135 nomine
1106 4081 1344 4136 laetitiam
1374 4083 1554 4138 animo
1608 4085 1925 4154 concepisti,

347 4168 598 4238 quoniam
645 4171 829 4225 multae
879 4179 988 4225 tute
1041 4188 1138 4242 pro
1189 4187 1255 4229 eo
1283 4173 1414 4228 fusae
1443 4189 1630 4244 preces
1660 4177 1928 4231 exauditae

345 4259 512 4314 sunt?
542 4259 798 4329 Josaphat
827 4271 1029 4325 autem,
1091 4277 1187 4330 pro
1232 4277 1296 4318 eo
1341 4279 1402 4317 ac
1434 4266 1661 4336 solebat,
1707 4267 1772 4319 ad
1805 4283 1926 4322 eum

345 4351 479 4405 dixit
510 4368 526 4405 :
562 4352 804 4420 Ignosce,
836 4361 1001 4421 pater,
1034 4354 1271 4423 ignosce.
1301 4353 1526 4410 Ubinam
1561 4366 1742 4411 autem
1776 4357 1928 4412 habi-

347 4450 445 4508 tes,
474 4441 555 4496 fac
577 4443 886 4514 intelligam.
917 4443 1054 4500 Tum
1086 4445 1330 4501 Barlaam
1365 4465 1378 4501 :
1413 4449 1469 4503 In
1493 4448 1592 4503 hac
1622 4449 1916 4517 pulcherri-

346 4548 432 4588 ma
471 4544 633 4604 atque
659 4535 858 4604 ingenti
880 4536 1094 4592 civitate
1114 4538 1442 4593 domicilium
1461 4549 1651 4595 nactus
1677 4557 1793 4596 sum
1818 4583 1832 4607 ,
1867 4541 1921 4596 in

348 4623 526 4677 medio
555 4625 704 4679 urbis
728 4626 861 4692 vico,
907 4626 1169 4681 immenso
1193 4625 1390 4682 lumine
1415 4630 1739 4684 coruscanti.
1779 4631 1922 4686 Rur-

350 4731 468 4770 sum
497 4724 671 4770 autem
695 4715 948 4786 Josaphat
974 4719 1076 4773 sibi
1104 4734 1223 4774 cum
1253 4736 1318 4774 eo
1346 4737 1501 4790 agere
1529 4721 1834 4786 videbatur,
1869 4731 1927 4778 ut

347 4808 414 4861 ab
435 4820 500 4860 eo
523 4807 573 4858 in
603 4806 766 4873 ipsius
797 4809 1190 4867 tabernaculum
1221 4813 1600 4881 abduceretur,
1671 4815 1924 4870 comiter-

347 4914 455 4968 que
481 4898 708 4968 hospitio
737 4904 1089 4971 exciperetur.
1122 4906 1212 4962 llle
1235 4918 1408 4962 autem
1441 4909 1677 4963 nondum
1711 4919 1924 4977 tempus

346 4992 539 5046 adesse
574 4996 881 5062 respondit,
952 5007 1009 5051 ut
1042 4999 1107 5052 ad
1159 5001 1247 5054 illa
1287 5002 1625 5055 tabernacula
1665 5003 1880 5057 veniret
1906 5042 1920 5067 ,

346 5079 543 5152 quippe
567 5087 658 5154 qui
688 5088 931 5154 corporis
953 5089 1158 5144 sarcina
1185 5091 1358 5146 adhuc
1385 5102 1743 5161 premeretur.
1769 5094 1919 5160 Quod

345 5174 392 5228 si
423 5174 548 5230 forti
569 5178 769 5242 animo,
802 5180 989 5247 inquit,
1046 5179 1096 5233 in
1125 5191 1309 5237 sancto
1340 5185 1460 5238 vitae
1506 5201 1722 5254 genere,
1777 5188 1922 5242 velut

345 5265 440 5322 tibi
472 5270 741 5335 mandavi,
777 5272 1095 5340 perStiteris,
1127 5275 1398 5343 aliquanto
1431 5286 1547 5344 post
1577 5279 1777 5344 venies,
1837 5290 1919 5334 at-

344 5371 448 5425 que
486 5359 672 5414 eadem
705 5361 1046 5418 tabernacula
1073 5374 1128 5420 et
1172 5365 1416 5419 eamdem
1452 5368 1689 5422 laetitiam
1713 5385 1774 5423 ac
1802 5370 1918 5439 glo-

344 5451 477 5504 riam
530 5454 896 5523 consequeris,
925 5471 1239 5526 mecumque
1278 5458 1328 5510 in
1359 5457 1740 5525 sempiternum
1775 5462 1907 5515 eris.

347 5543 696 5613 Experrectus
719 5558 896 5603 autem
926 5547 1202 5619 Josaphat,
1235 5551 1469 5604 animum
1499 5552 1588 5605 illa
1614 5551 1730 5607 luce
1758 5561 1914 5623 atque

340 5648 482 5702 omni
512 5652 775 5707 sermonis
807 5651 1057 5709 facultate
1090 5654 1385 5712 sublitniori
1420 5657 1584 5728 gloria
1640 5659 1910 5728 perfusum

1945 4489 1999 4551 ι)

2031 3232 2294 3298 Copulata.
2355 3231 2538 3299 Neque
2592 3235 2732 3288 enim
2759 3237 2826 3288 ab
2850 3235 3164 3290 admiranda
3194 3239 3280 3291 illa
3309 3239 3615 3306 Operatione

2030 3319 2276 3385 descivit,
2329 3337 2426 3376 nec
2467 3323 2728 3392 religiosa:
2775 3340 2886 3378 suae
2932 3326 3327 3380 exercitationis
3376 3329 3612 3396 regulam

2031 3414 2350 3467 intmutavit.
2383 3413 2519 3481 Quin
2549 3416 2724 3484 potius
2751 3416 2818 3468 ab
2849 3417 2998 3469 initio
3027 3418 3091 3469 ad
3126 3417 3284 3470 ﬁnem
3314 3433 3502 3485 usque,
3535 3428 3614 3471 at-

2031 3518 2134 3569 que
2165 3503 2232 3557 ab
2261 3503 2476 3557 ineunte
2506 3513 2662 3559 aetate
2705 3520 2876 3573 usque
2918 3508 2982 3559 ad
3017 3516 3121 3560 tam
3150 3518 3453 3575 provectam
3485 3517 3613 3562 rcta-

2032 3603 2139 3647 ti-m
2172 3595 2409 3648 eamdem
2442 3594 2604 3648 animi
2635 3597 2960 3650 alacritatem
2997 3597 3213 3651 retinuit
3245 3599 3446 3667 :338
3477 3598 3607 3662 imo,

2032 3697 2089 3739 ttt
2119 3687 2313 3740 rectius
2348 3686 2556 3755 loquar,
2599 3687 2665 3741 ad
2696 3688 3060 3742 sublimiorem
3094 3689 3332 3757 quotidie
3363 3695 3610 3743 virtutem

2034 3780 2312 3845 processit,
2336 3793 2398 3831 ac
2423 3779 2689 3847 puriorem
2718 3779 2897 3834 divino
2920 3780 3180 3836 beneficio
3207 3782 3613 3851 contemplatio-

2032 3887 2152 3924 nem
2180 3880 2498 3926 COﬂSCClIllIS
2526 3881 2624 3925 est.

2104 3963 2340 4032 Denique
2369 3979 2488 4016 cum
2537 3963 2602 4017 ad
2631 3963 2773 4018 hunc
2818 3963 3032 4018 modum
3067 3965 3309 4026 vixisset,
3343 3974 3398 4019 et
3443 3981 3610 4033 usque

2030 4055 2166 4108 adeo
2196 4055 2407 4124 dignam
2439 4054 2718 4108 vocatione
2749 4071 2839 4107 sua
2871 4069 3084 4121 Operam
3114 4058 3163 4108 ei
3195 4071 3224 4108 a
3255 4070 3360 4125 quo
3391 4070 3458 4109 vo
3492 4065 3611 4108 atus

2033 4146 2202 4199 fuerat
2231 4144 2574 4210 reddidisset,
2604 4144 2966 4213 mundumque
3007 4145 3109 4198 sibi
3138 4143 3237 4213 ipsi
3282 4161 3345 4199 ac
3371 4148 3608 4212 seipsum

2032 4239 2231 4293 mundo
2259 4238 2641 4302 cruciﬁxisset,
2674 4238 2738 4290 ad
2768 4238 2932 4292 Deum
2965 4239 3108 4307 pacis
3158 4239 3208 4291 in
3240 4253 3365 4305 pace
3399 4238 3609 4305 migrat,

2031 4340 2189 4400 atque
2233 4329 2298 4381 ad
2337 4327 2616 4382 Dominum
2644 4368 2658 4393 ,
2700 4329 2851 4397 cujus
2884 4338 3137 4398 perpetua
3177 4330 3436 4397 cupiditas
3486 4344 3606 4382 eum

2033 4431 2294 4488 tenuerat,
2319 4420 2690 4491 proﬁciscitur,
2717 4422 2991 4489 vultuique
3017 4421 3222 4475 Domini
3253 4436 3382 4490 pure
3409 4438 3469 4475 ac
3493 4422 3608 4476 sine

2028 4512 2187 4566 ullius
2215 4512 2290 4566 rei
2319 4510 2634 4580 interpositu
2666 4520 2905 4580 apparet,
2935 4525 3102 4578 eaque
3127 4511 3236 4578 jam
3267 4511 3364 4578 ipsi
3398 4526 3603 4578 praepa-

2027 4613 2136 4656 rata
2169 4600 2350 4671 gloria:
2377 4616 2574 4655 corona
2605 4617 2723 4655 exm
2739 4609 2914 4666 natur,
2951 4602 3110 4669 idque
3136 4601 3388 4655 divinitus
3417 4616 3609 4656 c0nse-

2027 4691 2226 4760 quitur,
2255 4703 2313 4744 ut
2341 4690 2611 4746 Christum
2641 4700 2845 4756 cernat,
2891 4706 3011 4745 cum
3033 4689 3250 4744 Christo
3294 4693 3380 4756 sit,
3412 4690 3606 4745 Christi

2030 4783 2422 4854 pulchritudine
2469 4793 2729 4854 perpetuo
2779 4785 3051 4849 exsultet,
3109 4784 3161 4837 in
3210 4782 3364 4851 cujus
3417 4795 3606 4835 manus

2027 4876 2397 4929 commendata
2446 4876 2642 4943 anima,
2675 4875 2739 4930 ad
2771 4877 3011 4930 vivorum
3060 4874 3330 4943 regionem
3375 4873 3603 4939 transiit,

2028 4967 2116 5020 ubi
2157 4965 2490 5035 epulantium
2528 4981 2728 5032 sonus,
2771 4967 2859 5020 ubi
2900 4966 3189 5020 laetantium
3232 4965 3486 5019 habitatio
3524 4973 3606 5018 est

2028 5056 2200 5128 (Psal.
2233 5056 2364 5127 xm).

2099 5146 2418 5212 Praeclarum
2445 5154 2622 5200 autem
2655 5146 2821 5215 ipsius
2849 5159 3048 5212 corpus
3121 5143 3202 5198 vir
3227 5143 3442 5215 quidam
3473 5160 3601 5198 san-

2023 5246 2142 5293 ctus
2171 5237 2283 5305 (qui
2312 5251 2415 5290 non
2443 5236 2596 5305 longe
2623 5237 2688 5290 ab
2720 5252 2782 5290 eo
2814 5236 3103 5301 habitabat,
3137 5237 3331 5305 quique
3361 5237 3460 5289 iter
3502 5237 3601 5302 ipsi

2025 5329 2089 5382 ad
2123 5327 2456 5381 Barlaamum
2487 5327 2635 5394 prius
2664 5335 3127 5392 comnionslrarat,
3161 5325 3342 5379 divino
3370 5325 3599 5392 quodam

2025 5417 2320 5482 admonitu,
2364 5431 2424 5471 ea
2473 5415 2587 5484 ipsa
2615 5418 2766 5482 hora,
2789 5432 2892 5487 qua
2923 5425 3093 5470 morte
3137 5416 3346 5471 functus
3375 5425 3479 5484 est,
3509 5416 3599 5468 ad-

2025 5503 2199 5574 fuit),
2273 5507 2628 5561 sacrosanctis
2653 5503 3488 5576 cantibusornavit,profusisque
3519 5507 3600 5560 la-

2023 5598 2243 5667 crymis,
2276 5613 2392 5666 quae
2423 5598 2587 5666 ipsius
2612 5613 2736 5666 erga
2763 5597 3014 5666 Jusaphat
3041 5598 3238 5650 amoris
3280 5596 3485 5650 indices
3511 5605 3601 5644 ce-

2023 5699 2166 5748 scnt.
2197 5689 2418 5752 aliisque
2459 5690 2706 5744 omnibus
2746 5690 2904 5746 rebus
2942 5705 3061 5758 quae
3099 5687 3238 5758 apud
3265 5682 3598 5740 Christianos
