4010 6288
401 330 507 388 603

1434 317 1518 366 DF.
1561 313 1732 367 VlTlS
1774 304 2052 364 PATRUM
2096 304 2298 358 LIBER
2342 303 2617 359 PRIMUS.

3563 306 3673 360 6114

404 445 456 497 in
488 452 640 495 more
677 445 837 508 atque
875 435 1121 490 ῖηςιῖωιο
1158 430 1329 501 post“,
1367 437 1493 482 sum
1530 424 1788 480 Confecus
1827 429 1985 489 atque
2016 417 2062 478 Α
2094 414 2616 508 ιυειιῐοιιιενᾼιιιεφ
2654 415 2811 508 simul
2851 415 3225 508 ac_magniﬁce
3264 417 3316 472 in
3349 432 3412 473 ea
3442 418 3676 499 ecclesia

408 530 692 595 absolutis,
726 531 775 580 in
803 528 967 595 patris
991 523 1250 579 Barlaami
1282 526 1628 575 monumento
1659 530 1779 569 eum
1802 512 1988 567 condi-

401 622 504 676 dit.
544 620 646 674 Par
674 618 939 688 siquidem
979 625 1095 670 erat
1131 621 1191 667 ut
1218 626 1441 680 quorum
1480 608 1673 661 anitnre
1706 606 1759 658 in
1791 616 1985 673 perpe—

406 723 555 766 tuum
586 711 743 765 simul
775 710 966 763 futura:
991 715 1164 769 erant,
1196 718 1380 759 eorum
1408 704 1567 757 etiam
1599 712 1822 767 corpora
1852 710 1985 751 con-

402 802 779 870 jungerentur.

480 880 763 948 Cuiusdam
790 888 965 932 autem
997 876 1313 931 formidandi
1348 871 1469 942 viri,
1498 880 1584 941 qui
1621 873 1668 926 id
1703 876 1751 925 in
1783 873 1987 924 somnis

406 971 553 1025 serio
592 962 915 1036 imperabat,
970 967 1262 1021 monachus
1304 967 1393 1019 ille
1431 967 1520 1034 qui
1582 966 1752 1032 ipsum
1807 962 1989 1015 fouere

412 1060 677 1113 extulerat
722 1056 981 1111 mandato
1026 1054 1431 1122 obtemperans,
1460 1052 1513 1104 in
1558 1052 1722 1105 Indiae
1758 1065 1980 1119 regnum

411 1164 471 1204 se
500 1148 730 1213 confert,
755 1159 1045 1216 regemque
1069 1143 1386 1197 Barachiam
1411 1142 1759 1205 conveniens,
1785 1143 1848 1194 de
1870 1156 1989 1191 om-

412 1240 574 1293 nibus
616 1236 897 1305 Josaphati
945 1236 1105 1289 rebus
1152 1233 1439 1287 certiorem
1490 1232 1669 1301 ipsum
1712 1231 1856 1285 facit.
1896 1230 1987 1283 llle

409 1338 613 1394 autem,
641 1329 789 1382 nulla
837 1327 1156 1396 interposita
1195 1340 1368 1391 mora,
1395 1340 1517 1378 cum
1559 1323 1757 1393 ingenti
1805 1325 1987 1391 populi

411 1420 758 1475 multitudine
806 1422 907 1475 iter
955 1419 1073 1482 init,
1102 1428 1267 1487 atque
1308 1418 1373 1471 ad
1422 1418 1735 1486 speluncam
1771 1417 1985 1469 tandem

412 1508 676 1579 pervenit,
702 1525 766 1562 ac
802 1509 1109 1577 sepulcrum
1150 1508 1411 1572 intuetur,
1446 1508 1659 1575 illirque
1685 1506 1991 1560 calentissi-

411 1602 516 1655 mis
559 1601 815 1671 lacrymis
853 1599 1009 1665 fusis,
1044 1601 1471 1670 integumentum
1518 1601 1683 1665 tollit,
1710 1601 1990 1669 cernitque

409 1692 758 1746 Barlaamum
790 1701 842 1746 et
870 1691 1130 1762 Josaphat
1172 1693 1409 1747 membra
1453 1694 1757 1762 composito
1803 1693 1987 1747 habitu

2090 520 2209 573 qua:
2240 505 2305 557 ab
2329 504 2455 571 ipsis
2478 504 2835 558 fundamentis
2860 518 2887 555 a
2911 503 3164 572 Josapbat
3184 513 3459 561 exstructa
3484 508 3676 577 fuerat,

2090 611 2279 651 eorum
2312 610 2539 664 corpora
2571 596 2785 649 condita
2815 604 2961 649 sunt.
3009 596 3169 650 Multa
3201 612 3361 664 porro
3390 599 3669 665 miracula,

2092 688 2509 756 morborumque
2546 686 2907 753 depulsiones,
2939 694 3049 740 tum
3078 685 3134 740 in
3166 700 3454 757 corporum
3495 697 3672 744 trans-

2092 779 2356 843 vectione,
2410 787 2517 831 tum
2566 779 2617 831 in
2659 793 2845 833 eorum
2896 779 3286 845 inhumatione,
3346 788 3461 836 tum
3510 784 3667 839 etiam

2094 871 2325 940 posteris
2352 871 2710 935 temporibus,
2741 871 2992 925 Dominus
3023 886 3117 939 per
3144 873 3261 942 pios
3297 872 3528 929 famulos
3553 889 3672 930 suos

2093 962 2290 1018 effecit.
2314 961 2557 1030 Viditqoe
2578 976 2672 1016 rex
2697 977 2759 1016 ac
2779 962 2966 1031 vulgus
2990 977 3178 1018 omnes
3202 964 3425 1020 virtutes
3449 979 3542 1020 eas
3565 982 3676 1035 qurc

2097 1069 2190 1121 per
2221 1052 2365 1121 ipsos
2393 1052 2705 1107 edebantur.
2738 1055 2812 1108 Ac
2836 1053 3070 1123 plerique
3109 1069 3141 1109 e
3170 1053 3417 1111 ﬁnitimis
3448 1056 3673 1110 nationi-

2098 1145 2193 1199 bus
2226 1144 2550 1198 infidelitatis
2579 1160 2642 1199 ac
2670 1143 3017 1214 ignorationis
3046 1145 3138 1201 Dei
3161 1147 3352 1201 morbo
3375 1148 3677 1205 laborantes

2099 1253 2193 1308 per
2222 1253 2282 1292 ea
2326 1239 2474 1306 signa
2508 1253 2628 1307 quas
2675 1238 2727 1291 in
2777 1247 3123 1293 monumento
3176 1239 3374 1294 fiebant
3404 1240 3490 1313 .ad
3523 1241 3672 1295 ﬁdem

2099 1338 2463 1385 accesserunt.
2508 1332 2681 1398 Atque
2709 1344 2894 1385 omnes
2917 1330 3006 1400 qui
3047 1332 3210 1401 ipsius
3236 1331 3497 1400 Josaphat
3522 1314 3677 1388 vitam

2100 1421 2165 1474 ad
2196 1420 2504 1490 angelorum
2540 1420 2888 1475 imitationem
2920 1434 3249 1489 expressam,
3282 1430 3442 1491 atque
3470 1437 3501 1475 a
3531 1431 3679 1477 tene-

2103 1512 2177 1565 ris
2227 1510 2490 1579 unguibus
2531 1510 2807 1565 ardentem
2856 1512 3023 1580 ipsius
3069 1527 3194 1581 erga
3229 1513 3394 1567 Deum
3445 1528 3681 1568 amorem

2102 1610 2385 1655 cernentes
2427 1613 2583 1670 atque
2610 1600 2907 1664 audientes,
2938 1600 3293 1657 admiratione
3319 1602 3683 1671 corripieban-

2106 1703 2210 1759 tur,
2238 1692 2404 1747 Deum
2439 1693 2491 1747 in
2519 1693 2768 1747 otnnibos
2798 1692 3149 1760 celebrantes,
3178 1695 3267 1763 qui
3294 1709 3353 1750 se
3382 1694 3684 1749 amantibus

411 1784 516 1837 sita
569 1784 853 1851 habentes,
915 1800 1256 1857 corporaque
1300 1788 1434 1841 nihil
1472 1802 1501 1840 a
1536 1788 1766 1857 pristino
1809 1787 1991 1842 colore
2029 1793 2077 1853 B
2104 1799 2258 1850 opem
2309 1794 2363 1838 et
2411 1784 2664 1858 auxilium
2716 1799 2989 1854 nunquam
3037 1785 3176 1840 ferre
3215 1786 3431 1851 desinit,
3484 1803 3683 1860 eosque

411 1875 720 1942 immutata,
746 1891 933 1930 verum
961 1877 1168 1948 integra
1195 1887 1248 1933 et
1282 1894 1506 1948 prorsus
1534 1878 1848 1941 incolumia,
1882 1892 1990 1933 una

411 1978 534 2017 cum
564 1964 917 2021 indumentis.
947 1963 1070 2021 llaec
1093 1966 1255 2036 igitur
1280 1975 1752 2022 sacrosanctarum
1783 1968 1993 2021 anima-

412 2072 534 2112 rum
578 2059 955 2127 tabernacula,
981 2062 1368 2118 suavissimum
1412 2064 1632 2118 odorem
1670 2062 1992 2129 emittentia,

410 2164 514 2205 nec
537 2149 665 2207 foedi
684 2152 979 2223 quidquam
1004 2154 1341 2218 exhibentia,
1365 2154 1645 2225 praeclaris
1676 2156 1870 2212 loculis
1893 2156 1993 2209 im-

411 2242 610 2311 posita,
643 2259 739 2298 rex
772 2244 825 2299 in
852 2246 1083 2315 patriam
1117 2263 1272 2302 suam
1298 2247 1579 2304 transfert.

489 2330 559 2387 Ut
594 2340 772 2387 autem
812 2347 874 2387 ea
914 2348 1003 2389 res
1038 2333 1105 2388 ad
1145 2334 1315 2401 plebis
1355 2350 1515 2390 aures
1558 2335 1819 2402 pervenit,
1854 2334 2009 2389 innu-

413 2424 683 2480 merabilis
709 2425 993 2479 multitudo
1020 2440 1087 2479 ex
1126 2427 1379 2480 omnibus
1403 2427 1624 2481 urbibus
1666 2441 1729 2481 ac
1762 2428 2001 2483 finitimis

414 2512 545 2567 locis
587 2515 655 2569 ad
688 2515 963 2570 beatorum
1006 2516 1215 2571 illorum
1255 2532 1541 2587 corporum
1573 2529 1915 2588 conspectum
1947 2531 2001 2574 et

415 2602 780 2659 adorationem
803 2605 1074 2661 conﬂuxit.
1105 2607 1203 2662 Ubi
1228 2610 1389 2662 etiam
1416 2611 1770 2663 sacrosanctis
1792 2610 2002 2682 hymnis

415 2706 599 2748 eorum
633 2710 789 2750 causa
815 2696 1134 2763 decantatis,
1168 2700 1511 2769 copiosisque
1548 2701 1882 2771 lampadibus
1913 2718 2001 2758 ac-

416 2783 614 2849 censis,
651 2794 774 2854 apte
801 2785 908 2841 illic
937 2788 1197 2857 quispiam
1228 2804 1292 2843 ac
1324 2805 1574 2859 perquam
1600 2796 2005 2850 accommodate

420 2870 673 2942 dixisset,
723 2873 948 2932 Lumina
998 2879 1140 2934 circa
1194 2879 1408 2934 luminis
1456 2881 1591 2936 filios
1641 2894 1695 2938 et
1741 2883 2002 2939 haeredcs.

2109 1876 2457 1945 amplissimis
2489 1876 2761 1932 beneficiis
2788 1888 3180 1932 remuneratur.

2179 1967 2277 2023 llic
2316 1970 2595 2036 praesentis
2622 1968 2743 2022 libri
2789 1967 2910 2021 ﬁnis
2941 1977 3046 2034 est,
3075 1983 3226 2038 quem
3251 1985 3348 2039 pro
3394 1985 3512 2025 mea
3536 1970 3680 2024 virili

2109 2061 2427 2128 conscripsi,
2458 2058 2904 2127 quemadmodum
2933 2073 2961 2111 a
2996 2060 3257 2127 praeclaris
3282 2061 3406 2113 viris
3433 2059 3525 2128 qui
3550 2058 3685 2113 mihi

2111 2150 2226 2205 haec
2254 2149 2392 2203 haud
2428 2147 2563 2202 falso
2613 2147 2946 2202 tradiderunt
2990 2149 3191 2215 accepi.
3245 2148 3454 2203 Utinam
3505 2158 3686 2201 autem

2111 2254 2228 2304 vos,
2258 2239 2347 2310 qui
2379 2238 2518 2294 hanc
2552 2237 2745 2293 animis
2788 2237 2971 2293 utile-.n
3000 2236 3275 2291 historiam
3324 2238 3497 2307 legitis
3526 2248 3688 2306 atque

2107 2331 2323 2396 auditis.
2351 2332 2417 2386 ad
2450 2346 2635 2387 eorum
2665 2340 2870 2401 partem
2910 2330 3269 2400 asciseamini,
3302 2332 3393 2401 qui
3426 2333 3535 2387 Deo
3566 2334 3688 2389 vita:

2108 2437 2218 2478 suae
2245 2424 2482 2478 rationes
2523 2422 2899 2490 probaverunt,
2933 2436 3028 2491 per
3054 2425 3320 2479 orationes
3348 2431 3404 2477 et
3432 2422 3687 2479 interces-

2107 2515 2290 2569 siones
2334 2514 2613 2569 beatorum
2656 2512 2891 2567 virorum
2925 2512 3166 2567 Barlaam
3217 2525 3268 2568 et
3300 2513 3578 2583 Josaphat,
3624 2515 3689 2569 de

2107 2608 2300 2677 quibus
2340 2606 2453 2661 lucc
2484 2606 2704 2661 historia
2732 2612 2983 2661 contexta
3009 2616 3091 2662 est
3117 2605 3168 2661 in
3200 2607 3408 2662 Christo
3437 2608 3564 2663 Jesu
3587 2609 3690 2663 Do-

2111 2702 2255 2755 mino
2282 2710 2487 2768 nostro,
2516 2715 2675 2769 quem
2704 2698 2864 2753 decet
2886 2698 3074 2764 honor,
3105 2700 3409 2768 imperium,
3436 2702 3690 2770 majestas

2112 2803 2167 2848 et
2210 2792 2624 2862 magniﬁcentia,
2657 2806 2776 2845 cum
2804 2792 2959 2846 Patre
2997 2802 3051 2846 et
3077 2792 3277 2861 Spiritu
3319 2802 3523 2861 sancto,
3553 2808 3691 2849 nunc

2112 2893 2165 2938 ct
2196 2898 2327 2949 seml
2351 2897 2409 2937 cr
2440 2881 2492 2936 in
2524 2880 2718 2935 sa-cula
2751 2880 3091 2936 stecnlorum.
3123 2883 3312 2937 Amen.

1692 3042 2059 3100 ROSWEYDI
2102 3046 2420 3101 ΝΟΤΑἸῚΟ.

491 3133 719 3205 31:]9(I

491 3133 653 3217 339
674 3133 947 3257 (thl’itaq
968 3133 1051 3217 _De
1080 3134 1305 3217 historia
1334 3134 1431 3188 hac
1456 3135 1627 3215 placet
1656 3135 1998 3218 illustrissimi

420 3208 655 3275 cardinal
680 3222 704 3257 s
776 3206 1037 3275 cllarnunt
1076 3207 1357 3274 jtldlCllllll,
1393 3221 1506 3274 qm,
1538 3207 1673 3259 hbro
1711 3207 1776 3259 de
1804 3208 1998 3275 Script.

422 3274 656 3337 Eccles.,
686 3274 736 3327 in
766 3274 972 3329 Joanne
1003 3276 1349 3339 Damasceno,
1387 3278 1453 3328 ita
1480 3276 1759 3343 tlisqnirit:
1791 3274 2004 3331 Dubita-

428 3346 503 3398 tio
524 3345 703 3397 exiStit
725 3360 790 3397 an
823 3345 937 3398 haec
961 3347 1194 3398 narratio
1215 3346 1283 3399 sit
1314 3361 1437 3399 vera
1463 3348 1703 3411 historia,
1734 3361 1799 3400 an
1833 3349 2006 3414 potius

354 3480 361 3487 _
421 3414 644 3487 conﬁcta
674 3414 740 3487 ad
784 3416 1103 3487 erudiendos
1146 3415 1349 3469 nobiles
1404 3416 1799 3487 adolescentes,
1829 3420 2002 3485 qualis

423 3492 513 3538 est
539 3483 656 3537 Vita
701 3486 822 3553 Cyri
868 3486 1006 3553 apud
1036 3484 1465 3554 XenOpttontem.
1510 3484 1774 3541 Caeterum
1822 3483 2004 3542 veram

424 3554 702 3625 historiam
733 3570 851 3608 esse
895 3564 1103 3625 constat
1154 3573 1217 3609 ex
1249 3571 1312 3609 eo
1341 3556 1479 3625 qttod
1526 3567 1742 3609 sanctus
1770 3556 2005 3613 Joannes

422 3624 781 3679 Damasci-nus
806 3624 858 3677 in
892 3623 995 3680 ﬁne
1027 3626 1260 3679 historia:
1285 3623 1488 3679 invocat
1512 3637 1726 3680 sanctos
1755 3626 2000 3682 Barlaam

425 3703 483 3748 ct
506 3694 782 3760 Josaphat,
811 3708 1033 3763 quorum
1065 3710 1150 3749 res
1191 3706 1370 3764 gestas
1395 3697 1709 3764 scripserat,
1736 3706 1790 3751 et
1821 3696 2009 3752 Eccle-

424 3765 504 3837 sia
540 3764 807 3837 catholica
842 3764 913 3837 in
957 3764 1338 3837 Martyrologio
1392 3767 1691 3831 deScriptos
1727 3779 2009 3824 veneratur

422 3834 509 3957 dile
534 3833 600 3887 27
633 3834 945 3890 Novembris
973 3833 1189 3891 eosdem
1222 3833 1438 3892 sanctos
1477 3837 1717 3891 Barlaam
1768 3847 1822 3892 et
1847 3837 2003 3894 Josa-

424 3913 572 3957 mat.

424 3913 572 3975 pltat.

502 3975 685 4031 Billius
723 3976 991 4045 interpres
1019 3977 1090 4032 ita
1117 3974 1464 4031 ratiocinator
1495 3994 1507 4028 ε
1551 3977 1703 4045 Quod
1732 3977 1797 4031 ad
1831 3978 2003 4047 ipsam

428 4043 664 4118 historiae
696 4043 972 4118 veritatem
1008 4048 1219 4110 attinet,
1251 4048 1321 4101 ob
1349 4043 1606 4117 quasdam
1634 4043 2008 4118 causas,'qoas

427 4117 562 4169 nihil
594 4119 692 4170 hoc
726 4117 842 4170 loco
867 4132 1286 4172 commemorare
1333 4119 1543 4183 attinet,
1573 4118 1739 4172 videri
1784 4117 2009 4175 fortasse

426 4185 696 4239 nonnullis
721 4187 1001 4254 potuisset,
1046 4188 1146 4239 hoc
1169 4202 1302 4254 Opus
1334 4205 1437 4241 non
1480 4198 1587 4242 tam
1618 4204 1797 4242 veram
1833 4191 2008 4244 histo-

426 4255 559 4309 riam
585 4269 724 4319 esse,
760 4272 917 4321 quam
967 4256 1068 4311 sub
1116 4257 1350 4310 historia:
1389 4260 1569 4326 specie
1623 4259 1831 4311 tacitam
1888 4261 2009 4314 vita:

427 4328 739 4381 monastica:
754 4337 910 4392 atque
931 4328 994 4379 ad
1021 4327 1371 4381 ChriStianam
1402 4328 1777 4390 perfectionem
1807 4340 2010 4384 exacta:

426 4395 897 4461 collaudationem,
928 4396 1026 4451 nisi
1053 4406 1239 4452 auctor
1265 4400 1365 4452 sub
1394 4399 1552 4452 ﬁnem
1583 4413 1700 4451 eam
1731 4414 1790 4454 se
1815 4402 1883 4455 ab
1908 4400 2008 4454 bo-

427 4465 659 4519 minibus
689 4483 717 4519 a
750 4468 1011 4521 mendacii
1053 4468 1277 4522 crimine
1305 4468 1493 4521 alienis
1522 4472 1793 4535 accepisse
1840 4480 2005 4524 teSta-

428 4516 717 4607 genesi
750 4516 1275 4607 ’ἑέέῖᾟτεῖεὲὲὲίἷέιῖ
1306 4516 2006 4606 “aggressa:"attingi;,
2038 4516 2091 4577 Ῐ)

429 4603 660 4660 hominis
696 4623 816 4662 esse
835 4603 989 4663 inihi
1012 4609 1283 4663 videretur
1315 4612 1431 4676 plus
1465 4610 1576 4662 suis
1619 4603 2009 4676 suspicionibus

427 4676 934 4799 guarq‘Christiauze
977 4680 1243 4745 charitati,
1294 4693 1414 4748 qua:
1454 4679 1633 4733 omnia
1681 4680 1873 4747 credit,
1919 4681 2010 4735 tri-

469 4760 567 4799 UCII
598 4761 658 4799 IS.

469 4751 658 4801 uentis.

503 4817 613 4884 Ego
638 4818 721 4872 vix
755 4818 940 4873 dubito
968 4820 1093 4889 quin
1136 4820 1300 4875 t0tins
1344 4820 1577 4874 historim
1605 4818 2006 4875 fundamentum

427 4899 611 4961 verum
640 4889 733 4961 sit.
768 4888 1347 4961 Fortedisputationes
1382 4890 1625 4957 quadam
1675 4893 1743 4945 dc
1785 4894 2005 4961 quibus-

431 4959 553 5009 dam
585 4958 706 5030 lidei
739 4960 1005 5030 mysteriis
1034 4962 1103 5014 ab
1128 4970 1346 5016 auctore
1372 4963 1452 5014 vel
1494 4961 1709 5025 additae,
1757 4958 1839 5017 vel
1876 4963 2008 5015 ilila-

430 5036 574 5079 tatur.
608 5028 736 5083 Nam
766 5028 855 5097 qui
898 5031 1067 5099 potttit
1090 5031 1363 5098 Josaphat,
1392 5046 1579 5085 recens
1607 5032 1671 5084 ad
1700 5032 1855 5087 ﬁdem
1879 5047 2013 5086 con-

434 5110 642 5162 versus,
678 5108 749 5173 tot
778 5101 1068 5173 Scriptura:
1094 5101 1227 5157 locis
1254 5116 1312 5156 se
1354 5100 1711 5169 communire,
1750 5103 1840 5173 qui
1879 5118 2018 5156 nun-

428 5180 597 5239 quam
619 5181 681 5220 ea
712 5169 943 5239 legerat?

502 5234 679 5315 Habes
709 5234 874 5315 totam
922 5240 1057 5315 hanc
1086 5241 1263 5315 Vitam
1289 5250 1368 5315 get
1410 5242 1687 5298 historiam
1716 5243 1856 5312 apud
1890 5241 2013 5297 Vin-

437 5308 693 5385 centium,
727 5309 777 5363 in
802 5308 959 5385 Spec.
1000 5311 1190 5385 histor.
1248 5313 1369 5385 hb,
1395 5330 1488 5379 xv,
1523 5330 1616 5383 per
1666 5308 1841 5384 capita
1894 5329 2018 5369 utv

432 5374 765 5502 :listiitictam,
814 5374 904 5448 qui
932 5382 1201 5449 antiquam
1233 5374 1537 5440 versione'ni
1586 5374 1857 5454 paululum
1888 5399 2018 5439 con-

458 5460 569 5499 raxt
600 5483 614 5497 .

458 5460 614 5499 falli.

507 5516 974 5596 Magiscontrasit
1004 5520 1190 5596 Petrus
1217 5522 1269 5576 in
1299 5525 1543 5596 catalogo
1569 5533 1872 5579 sanctorum
1919 5523 2012 5577 lib.

434 5601 499 5666 δ’..
524 5600 643 5666 cap“.
674 5589 799 5644 1M.
830 5590 1004 5666 Habes
1034 5594 1292 5666 integram
1331 5610 1397 5666 ex
1446 5589 1660 5665 antiqua
1689 5598 1934 5651 versione
1964 5596 2016 5649 in

439 5656 574 5712 Vitis
602 5656 818 5714 Patrum
857 5675 924 5738 es
956 5656 1261 5720 Coloniensi
1311 5656 1652 5736 editiouefct
1681 5669 1818 5738 apud
1838 5666 2016 5737 Lipa-

433 5741 675 5798 manum,
704 5738 834 5788 tom.
865 5732 930 5791 V.

782 3133 947 3215 V_ita.]
968 3133 1051 3215 _De
1080 3134 1305 3215 historia
1334 3134 1431 3188 hac
1456 3135 1627 3215 placet
1656 3135 1998 3215 illustrissimi
2031 3142 2076 3201 ο

2184 3139 2263 3207 (‘2)
2308 3137 2576 3202 b’urlaam,
2609 3136 2740 3206 eun]
2783 3136 3213 3207 Martyrologium
3263 3135 3580 3203 Romanum,
3625 3141 3693 3196 27

2111 3208 2425 3263 Novembris
2461 3227 2474 3261 :
2511 3226 2528 3257 ‹
2570 3208 2718 3270 Apud
2766 3208 2922 3261 ludos
2954 3208 3130 3262 Persis
3178 3207 3694 3272 ﬁnitimos,.sancto—

2111 3296 2226 3333 rum
2260 3279 2499 3332 Barlaam
2530 3288 2584 3331 et
2621 3279 2897 3344 Josaphat,
2953 3293 3180 3348 quorum
3228 3290 3377 3331 actus
3425 3280 3696 3336 mirandus

2110 3361 2327 3403 sanctus
2364 3350 2598 3403 Joannes
2648 3348 3010 3403 Damascenus
3061 3349 3398 3417 conscripsit.
3440 3369 3459 3402 ι
3511 3351 3695 3405 Flora-

2110 3421 2247 3473 rium
2278 3428 2584 3490 sanctorum
2633 3433 2761 3480 ms.,
2815 3420 2883 3490 “lii
2925 3418 3301 3490 septetubris:
3363 3437 3382 3471 ‹
3442 3420 3695 3490 Josaphat

2110 3491 2250 3560 regis
2283 3498 2338 3544 et
2379 3488 2724 3543 confessoris.
2760 3505 2779 3539 ι
2832 3489 2897 3561 Et
2941 3488 3300 3561 27-pecemb.
3318 3505 3332 3543 :
3372 3507 3390 3539 ι
3445 3488 3697 3555 Josaphat

2109 3557 2248 3630 regis
2288 3569 2342 3630 et
2369 3561 2609 3613 eremitaa
2646 3572 2786 3612 anno
2814 3557 3002 3612 salutis
3041 3557 3178 3630 7583.7
3206 3576 3224 3608 ι
3268 3558 3435 3624 Quam
3483 3570 3694 3616 aetatem

2110 3629 2252 3684 unde
2284 3629 2577 3682 Florarium
2610 3629 2865 3692 hauserit,
2908 3629 3109 3682 nescio.
3139 3629 3333 3681 Mcnaea
3363 3645 3574 3698 quoque
3605 3647 3695 3683 so-

2112 3700 2213 3753 lius
2266 3698 2524 3763 Josaphat
2577 3699 2910 3766 meminere,
2964 3699 3036 3752 ‘26
3090 3698 3312 3768 Augusti
3355 3718 3367 3750 :
3409 3708 3509 3755 Τοῦ
3555 3701 3697 3757 ὁσίου

2111 3769 2323 3844 ἰωὰσαφ
2343 3771 2457 3823 υἱοῦ
2480 3770 2688 3845 ’Λϐενὴρ
2709 3776 2799 3825 τοῦ
2833 3769 3103 3840 βασιλέως.
3317 3822 3320 3823 ,

2175 3860 2256 3931 (3)
2319 3859 2523 3914 Joanne
2582 3859 2944 3931 Damasceno.]
2998 3861 3257 3915 Joannem
3311 3860 3694 3916 Damascenum

2117 3926 2247 4000 Vitae
2274 3933 2430 4000 hujus
2469 3946 2563 3986 seu
2591 3929 2828 3985 historiae
2856 3926 3127 3986 auctorem
3155 3946 3295 3996 esse,
3346 3932 3429 3986 bis
3481 3934 3701 3986 rationi-

2113 3996 2212 4055 bus
2244 3996 2418 4057 tuetur
2459 4002 2642 4055 Billius
2666 4017 2681 4055 :

2183 4092 2383 4161 Primo,
2415 4093 2535 4161 quia
2566 4090 2953 4161 Trapezuntius
2986 4090 3067 4145 vir
3108 4091 3328 4146 natione
3356 4089 3597 4153 Graecus,
3642 4102 3701 4146 et

2113 4163 2287 4233 magni
2320 4178 2425 4217 non
2456 4167 2591 4217 inter
2613 4177 2738 4217 suos
2762 4170 2986 4233 tantum,
3014 4161 3106 4215 sed
3128 4164 3290 4215 etiam
3324 4163 3463 4215 inter
3487 4171 3701 4215 nostros

2115 4232 2365 4298 nominis,
2400 4248 2505 4356 εἶρε)
2531 4233 2690 4287 alium
2720 4247 2877 4302 quam
2925 4232 3312 4287 Damascenum
3364 4234 3480 4301 ejus
3510 4242 3700 4287 aucto-

2115 4320 2224 4357 rem
2254 4313 2407 4357 nrotu
2435 4313 2495 4357 ιι.

2112 4320 2224 4360 rem
2254 4313 2495 4374 protulit.

2176 4398 2458 4461 Secundo,
2515 4398 2630 4465 ipsa
2684 4398 2916 4466 phrasis,
2964 4397 3187 4467 reliquis
3234 4396 3401 4465 ipsius
3448 4396 3704 4465 Operibus

2114 4483 2271 4536 quam
2299 4468 2594 4533 simillima,
2627 4468 3009 4522 Damascenum
3037 4478 3311 4523 auctorem
3343 4477 3585 4522 testatur.

2187 4540 2396 4606 Tertio,
2436 4537 2502 4592 ad
2547 4554 2666 4592 eam
2722 4538 3028 4606 opinionem
3093 4538 3513 4592 cooﬁrmandam
3571 4536 3701 4590 illud

2114 4609 2242 4664 mihi
2271 4607 2446 4678 magni
2482 4610 2737 4663 momenti
2765 4617 2866 4672 est,
2894 4608 3035 4676 quod
3067 4616 3121 4660 ut
3150 4608 3201 4661 in
3236 4608 3383 4661 libris
3416 4609 3489 4661 De
3510 4607 3705 4661 ortho-

2117 4678 2255 4732 doxa
2291 4679 2441 4744 Fide,
2490 4692 2554 4732 ac
2606 4679 2825 4747 reliquis
2868 4693 3000 4747 pene
3047 4678 3296 4733 omnibus
3348 4679 3705 4731 Damasceuus

2115 4750 2279 4802 multa
2308 4765 2338 4804 e
2373 4749 2591 4814 Basilio,
2632 4748 2892 4817 Gregorio
2923 4747 3279 4817 Nazianzeno,
3303 4748 3527 4815 aliisque
3557 4747 3699 4813 ejus-

2112 4817 2233 4873 dem
2268 4829 2404 4873 noue
2436 4820 2700 4881 Patrabus,
2727 4821 2953 4873 libenter
2979 4827 3244 4886 corrogat,
3275 4828 3434 4884 atque
3459 4820 3698 4883 integros

2112 4902 2255 4956 saepe
2284 4905 2491 4951 versus.
2522 4889 2629 4943 imo
2656 4891 2818 4943 etiam
2848 4899 2985 4942 totas
3016 4889 3259 4957 periodos
3307 4889 3375 4942 ab
3424 4888 3553 4956 ipsis
3583 4904 3697 4940 mue

2114 4960 2536 5024 tuatur;eodem
2579 4960 2737 5013 modo
2768 4960 2818 5012 in
2853 4960 2953 5013 hac
2999 4973 3210 5026 quoque
3250 4958 3492 5023 hiStoria,
3534 4958 3702 5011 multa

2120 5043 2185 5099 ex
2215 5030 2403 5085 iisdem
2427 5032 2750 5094 auctoribus,
2771 5042 3058 5099 suppresso
3083 5030 3291 5082 interim
3319 5030 3553 5099 nomine,
3581 5043 3705 5095 pro-

2120 5098 2241 5154 duci
2272 5099 2646 5164 animadverti,
2697 5115 2760 5154 ac
2789 5098 3084 5167 praesertim
3133 5114 3199 5152 ex
3249 5098 3605 5163 Nazianzeno,
3649 5108 3707 5150 ut

2121 5183 2174 5294 ἶ).
2201 5171 2256 5252 ’1,
2282 5171 2337 5238 8,
2371 5170 2459 5241 10,
2510 5169 2598 5240 11,
2638 5168 2728 5240 15,
2785 5170 2873 5237 17,
2902 5168 2995 5236 20,
3039 5168 3131 5237 24,
3164 5182 3228 5223 ac
3273 5169 3543 5239 plerisque
3588 5168 3709 5222 aliis

2144 5255 2275 5294 ocns.

2144 5255 2275 5297 OCIS.

2192 5313 2417 5379 Quarto,
2445 5324 2550 5366 non
2581 5309 2753 5365 solum
2785 5310 2853 5364 ab
2879 5309 2985 5364 illis
3027 5308 3270 5363 lubenter
3306 5316 3490 5379 mutuo
3518 5307 3708 5373 sumit,

2120 5383 2215 5438 sed
2252 5385 2415 5437 etiam
2444 5382 2604 5436 multa
2633 5394 2845 5450 quoque
2889 5381 3043 5433 μίτρη-ι
3083 5395 3148 5433 ex
3197 5380 3348 5434 libris
3401 5378 3478 5433 De
3520 5381 3708 5431 ortho-

2123 5452 2261 5507 doxa
2301 5452 2403 5506 ﬁde
2447 5452 2512 5506 ad
2563 5449 2782 5505 verbum
2813 5450 3150 5516 transcripta,
3204 5459 3342 5504 utea
3372 5449 3542 5504 omnia
3583 5461 3705 5516 quae

2124 5538 2242 5592 cap.
2270 5523 2337 5576 15
2362 5524 2429 5577 de
2455 5522 2659 5577 arbitrii
2692 5522 2935 5575 libertate
2963 5519 3240 5592 disnutat._
3260 5521 3415 5588 Quod
3461 5519 3705 5588 quidem,

2126 5589 2418 5663 ut'opinor,
2450 5608 2553 5663 non
2589 5603 2693 5645 tam
2734 5601 2917 5659 aperte
2941 5594 3158 5657 faceret,
3190 5589 3291 5645 nisi
3324 5602 3571 5661 tanquam
3603 5605 3707 5645 suo

2123 5662 2255 5736 jure
2273 5665 2355 5736 iis,
2389 5671 2447 5716 ut
2472 5662 2612 5736 suis,
2630 5671 2885 5736 uteretur.

2200 5734 2415 5804 Quinto,
2439 5750 2557 5805 cap.
2596 5733 2680 5803 l9,
2714 5731 3000 5803 disi-utatio
3027 5747 3089 5787 ca
3117 5731 3181 5788 de
3213 5732 3554 5801 imaginibus,
3588 5745 3710 5801 qua:
