4010 6240
334 304 438 359 61⁸91

1088 301 1245 358 VITA
1284 298 1576 357 SANCTXE
1617 295 1965 363 EDGENIE,
2010 298 2300 355 \‘IltGlNlS
2341 300 2426 355 AC
2463 300 2829 359 MABTYRIS.

3484 302 3593 360 606

334 420 645 477 Itantascenl
672 428 828 475 :etate
862 420 1119 485 fervebat,
1164 420 1216 471 in
1262 418 1447 472 eadem
1474 414 1735 469 sententia
1794 431 1900 470 non
1927 416 1974 473 Δ
2004 410 2258 487 Joannem
2287 426 2315 464 a
2350 423 2540 487 saneto
2565 414 2797 487 Andrea,
2826 417 2999 472 virum
3028 427 3086 472 ut
3111 420 3369 487 optimum
3399 430 3454 473 et
3482 419 3589 473 :to-

329 507 514 561 parum
547 507 631 546 me
657 491 956 548 contirmat.

402 564 467 617 Ut
499 576 677 618 autem
720 563 833 616 hate
865 561 1038 615 omnia
1072 574 1167 628 pro
1207 556 1537 612 Damasceno
1570 556 1791 620 faciunt,
1830 556 1897 609 ita

330 632 467 687 hanc
494 632 766 687 historiam
806 633 1021 686 Joannis
1062 630 1272 685 Sinaitm
1299 628 1518 682 minime
1558 640 1701 690 esse,
1746 640 1901 693 aper-

326 703 536 758 tissime
562 705 903 757 convincunt.

403 776 599 839 Primo,
634 788 752 827 nam
794 788 914 826 cum
959 771 1045 825 ille
1073 768 1355 824 Theodosii
1403 767 1629 839 senioris
1658 776 1898 839 tempore

331 843 509 904 fuerit.
540 837 596 896 ut
627 855 763 911 patet
796 858 861 896 ex
898 842 988 895 lib.
1019 857 1109 895 xui
1142 840 1337 911 histor.
1359 838 1581 893 Miscell.
1608 838 1753 891 Pattli
1782 837 1900 889 Dia-

328 914 447 967 roni
500 927 725 979 quonam
759 926 911 980 pacto
949 912 998 963 in
1033 912 1130 964 hac
1158 910 1373 962 historia
1406 924 1563 975 quam
1598 918 1783 961 auctor
1820 924 1895 980 rx

331 984 473 1038 lmlia
520 978 873 1037 transvectam
947 990 1188 1039 testatur.
1269 980 1678 1039 Naziinzenum,
1748 978 1900 1045 cujus

327 1058 524 1119 scripta
555 1053 766 1106 vixdum
825 1052 874 1105 in
928 1051 1198 1105 hominum
1234 1068 1263 1101 ιι
1289 1049 1478 1102 auibus
1525 1050 1894 1113 versabantur,

327 1126 493 1178 ritare
526 1126 800 1190 potuisset,
832 1136 989 1190 atque
1017 1122 1173 1175 etiam
1205 1136 1269 1172 eo
1294 1120 1648 1190 antiquiorem
1692 1120 1898 1190 episeo-

330 1212 474 1263 pum,
501 1188 562 1247 ac
604 1193 837 1247 Valentis
886 1188 1120 1263 tempore
1169 1191 1277 1263 vita
1334 1190 1596 1263 functum-
1627 1188 1898 1263 Basilium,

327 1258 616 1332 suppresso
644 1265 767 1317 licet
794 1261 1024 1325 nomine,
1049 1277 1176 1332 rap.
1223 1262 1309 1323 19,
1351 1260 1439 1313 ubi
1489 1260 1553 1332 de
1574 1258 1901 1332 imaginibus

331 1327 543 1396 tractat,
571 1344 622 1387 et
647 1350 763 1399 cap.
789 1333 879 1395 ‘54,
914 1334 1000 1385 ubi
1034 1331 1289 1397 Josapbat
1316 1344 1432 1383 eam
1473 1327 1537 1381 ad
1574 1328 1738 1382 Deum
1790 1344 1901 1382 ora-

331 1407 528 1458 tionem
561 1404 739 1468 habet,
770 1418 924 1471 quam
963 1419 1022 1455 ex
1066 1398 1545 1455 Constitutionihus
1575 1399 1776 1464 Basilii,
1806 1413 1895 1452 ca-

328 1477 437 1543 pite
463 1476 510 1537 1,
544 1477 820 1543 perstiicue
852 1472 1056 1525 hausit?

396 1537 923 1612 Stictir'ido,'quonam
958 1541 1115 1595 tnodo
1139 1541 1469 1612 Barlaamum
1499 1537 1563 1591 de
1584 1538 1899 1606 imaginibus

325 1616 390 1670 ad
420 1616 559 1683 regis
590 1611 752 1667 filium
782 1614 1130 1667 disserentem
1166 1611 1463 1683 induceret,
1495 1625 1614 1683 cum
1635 1626 1707 1683 ea
1754 1625 1897 1677 que-

326 1680 689 1739 stionondum
717 1700 781 1739 eo
828 1695 1067 1753 tempore
1091 1682 1321 1737 excitata
1367 1680 1586 1734 tui~set?
1634 1680 1898 1735 Hactenus

324 1756 526 1810 Billins.

396 1825 767 1887 Bellarminus,
799 1822 935 1879 libro
963 1822 1027 1876 de
1072 1820 1267 1887 Script.
1322 1821 1553 1885 Eccles,
1593 1821 1643 1873 in
1691 1820 1895 1876 Joanne

324 1894 673 1959 Damasceno,
696 1905 1061 1963 argumentum
1092 1893 1277 1959 objicit
1305 1901 1358 1944 et
1384 1890 1541 1945 solvit
1581 1891 1896 1963 deauctore

326 1966 655 2019 Damasceno
688 1984 700 2019 :
739 1962 1044 2026 rilliswria,
1067 1963 1259 2030 inquit,
1293 1963 1529 2015 Barlaam
1558 1969 1613 2016 et
1642 1962 1898 2027 Josapbat

326 2035 549 2106 insignis
576 2044 625 2090 et
658 2036 799 2089 utilis
830 2043 928 2106 est.
960 2031 1501 2106 SedquiaBarlaam,
1534 2032 1658 2084 dum
1682 2035 1898 2106 instruit

332 2100 646 2168 dscipulum
698 2121 853 2159 suum
900 2103 1175 2168 Josaphat,
1205 2101 1356 2170 jubet
1398 2117 1521 2155 eum
1571 2100 1793 2156 credere
1845 2107 1895 2155 in

325 2174 584 2242 Spiritum
615 2186 854 2229 sanctum
885 2190 948 2227 ex
975 2174 1127 2226 Patre
1150 2182 1203 2226 et
1229 2171 1359 2225 Filio
1386 2172 1782 2242 procedentem,
1801 2173 1899 2226 du-

324 2239 514 2312 bitatio
541 2256 724 2300 exorta
755 2253 833 2299 est
859 2258 927 2297 an
969 2243 1064 2297 hoc
1093 2257 1226 2312 opus
1252 2254 1373 2296 esse
1402 2240 1635 2310 potuerit
1679 2239 1899 2299 Joannis

322 2309 660 2383 Damasceni,
696 2317 807 2383 qtti,
839 2314 975 2368 libro
1008 2329 1023 2367 ι
1058 2309 1264 2367 υόίὶιιε
1297 2312 1627 2376 orthodoxa,
1656 2325 1777 2383 cap:
1809 2314 1897 2378 Η,

322 2382 485 2436 docet
528 2380 1051 2450 Spiritum-sanctum
1112 2398 1215 2435 non
1270 2382 1561 2449 procedere
1615 2397 1679 2434 ea:
1732 2380 1895 2448 Filio,

320 2452 435 2523 sed,
470 2470 559 2523 per
585 2452 799 2506 Filium.
829 2453 933 2507 Sed
956 2452 1314 2523 responderi
1345 2460 1536 2523 potest,
1593 2451 1643 2523 in
1676 2451 1893 2523 historia

322 2518 568 2575 Barlaam
602 2523 907 2588 particulam
951 2518 1114 2585 illam,
1156 2536 1218 2574 ea:
1266 2518 1428 2585 Filio,
1455 2521 1622 2573 videri
1656 2521 1891 2576 additam

319 2593 389 2644 ab
408 2594 606 2661 aliquo.
637 2592 767 2646 Nam
818 2593 868 2644 in
900 2591 1337 2661 novaWeditionei
1362 2606 1455 2659 per
1485 2590 1693 2661 Billinm
1732 2594 1897 2646 casti-

320 2673 463 2729 gata,
492 2660 596 2717 non
627 2663 870 2727 habetur,
922 2677 986 2713 ea:
1026 2660 1188 2714 Filio.
1247 2678 1265 2711 ι
1302 2660 1568 2715 Hactenus
1616 2660 1895 2716 Bellarmi-

320 2748 439 2786 tius.

394 2803 660 2858 invenitur
690 2814 863 2858 tamen
899 2800 1013 2856 haec
1038 2800 1254 2855 historia
1280 2800 1332 2854 in
1360 2800 1519 2855 variis
1554 2800 1894 2858 Bibliothecis

322 2888 453 2928 mss.
487 2874 792 2928 Gra~eorum
830 2873 1084 2939 inscripta
1110 2873 1301 2927 Joanni
1329 2871 1568 2925 Sinaitre'.
1602 2872 1673 2924 Ita
1708 2873 1897 2926 Biblio-

321 2945 471 2996 theca
493 2944 777 3009 Slortiana,
811 2958 957 2997 num.
999 2944 1085 3005 65,
1120 2953 1176 2995 ut
1203 2950 1351 2996 notat
1379 2941 1633 2995 Baronius
1658 2943 1721 2994 ad
1751 2944 1890 2997 diem

321 3014 388 3065 27
417 3014 754 3078 Novembris,
789 3024 843 3068 et
873 3014 987 3079 ipse
1017 3012 1200 3066 Billius
1246 3012 1418 3065 eidem
1460 3011 1767 3077 inscriptam
1815 3016 1897 3067 in-

319 3087 465 3137 venit
498 3085 549 3137 in
582 3084 763 3139 codice
800 3084 987 3138 Graeco
1013 3081 1299 3138 clarissimi
1329 3082 1424 3135 viri
1459 3081 1677 3134 Fummi.

2006 480 2321 546 ctissimum,
2357 482 2428 535 ita
2474 485 2633 536 etiam
2678 486 2997 549 Optimorum
3048 502 3110 541 ac
3148 480 3578 542 doctissimorum

2006 550 2261 603 librorum
2304 554 2453 619 c0pia
2504 553 2993 619 instructissimum,
3034 557 3356 621 exemplaris
3406 556 3577 611 Grreri

2002 621 2151 685 copia
2207 621 2341 673 facta
2402 623 2528 687 est)
2577 624 2871 678 innumeris
2918 627 3075 678 etiam
3133 627 3263 679 locis
3313 628 3578 679 vitiosam.

2002 690 2151 754 Quod
2212 690 2426 757 quidem
2482 692 2749 747 lubentius
2802 705 2946 748 certe
2998 696 3174 749 nimiae
3227 696 3575 759 festinationi,

2002 775 2158 825 quam
2185 761 2356 813 Graeci
2385 765 2644 815 sermonis
2687 764 3002 831 ignorationi
3047 766 3383 818 tribuendum
3422 773 3579 825 puta-

2002 844 2137 903 rem,
2170 831 2269 903 nisi
2302 832 2460 883 nimis
2496 834 2657 886 multa
2683 833 2795 886 loca
2828 844 3027 903 essent,
3063 836 3114 888 in
3145 836 3336 903 quibus
3365 834 3451 886 vix
3500 832 3582 903 te-

2003 901 2304 955 stinationis
2332 904 2672 957 excusatione
2711 903 2934 959 inscitiae
2962 901 3139 957 natam
3166 901 3451 968 interpres
3479 902 3575 955 de-

2003 973 2203 1049 precari
2231 982 2410 1049 quglt.
2444 972 2571 1037 Quae
2600 988 2684 1049 res
2715 975 3073 1049 suspicionem
3105 974 3232 1049 mihi
3265 973 3575 1049 nonnullam

2002 1040 2247 1105 injiceret
2302 1040 2713 1109 Trapezuntium
2766 1040 2991 1097 fortasse
3044 1043 3311 1097 versionis
3359 1041 3580 1109 hujusce

2004 1121 2277 1182 parentem
2320 1126 2423 1164 non
2456 1126 2594 1174 esse,
2635 1112 2734 1165 nisi
2782 1113 2833 1166 in
2888 1114 3201 1182 quibusdam
3249 1114 3410 1166 etiam
3466 1112 3582 1164 aliis

2002 1193 2121 1231 eum
2154 1180 2335 1233 Graeca
2368 1195 2606 1249 persmpe
2636 1198 2739 1235 non
2769 1180 2919 1236 satis'
2944 1195 3241 1237 assecutum
3274 1198 3393 1236 esse
3423 1196 3575 1231 coin-

2002 1249 2279 1333 perissetp.
2316 1250 2591 1333 Uteunque
2620 1267 2687 1333 se.
2708 1268 2793 1333 res
2816 1252 3024 1333 hibeat,
3058 1269 3246 1331 novam
3281 1252 3574 1333 traductio:

2002 1333 2123 1392 {rem
2154 1320 2338 1392 habes,
2371 1323 2414 1375 si
2461 1320 2590 1375 nihil
2622 1322 2785 1386 aliud,
2818 1323 3137 1390 praecedenti
3180 1322 3441 1392 profecto,
3474 1320 3574 1375 nisi

2001 1386 2175 1453 fallor,
2208 1391 2364 1456 paulo
2400 1392 2678 1445 clariorem
2717 1407 2779 1445 ac
2805 1386 3114 1447 ﬁdeliorem.

2071 1457 2149 1527 (5)
2207 1458 2471 1530 Thomas.J
2533 1460 2784 1515 Thomam
2836 1462 2993 1515 India:
3039 1465 3193 1516 tidem
3227 1461 3579 1514 annuntiasse

2002 1535 2224 1600 testatur
2255 1530 2548 1585 Dorotheus
2578 1533 2630 1585 in
2663 1532 2911 1600 Synepsi,
2958 1532 3044 1597 qui
3093 1546 3286 1597 corpus
3330 1532 3446 1598 ejus
3494 1544 3579 1582 re-

2000 1599 2277 1666 quiescere
2308 1601 2495 1654 scribit
2525 1600 2577 1654 in
2608 1599 2871 1655 Catamirie
2902 1603 3100 1655 civitate
3132 1601 3314 1653 ludite.

2074 1670 2154 1737 (6)
2198 1672 2361 1742 Atque
2401 1673 2567 1723 aureis
2600 1669 2824 1742 penuis.]
2868 1671 3209 1725 Proverbium
3258 1670 3358 1722 hoc
3385 1667 3577 1731 rarius,

2003 1752 2103 1792 nec
2128 1739 2282 1792 facile
2315 1741 2549 1794 obvium.

2075 1808 2154 1880 (7)
2196 1809 2469 1881 Abenner.]
2524 1811 2718 1865 Mentio
2754 1811 2909 1881 hujus
2937 1812 2989 1864 in
3022 1811 3235 1866 Menazis
3264 1808 3485 1871 Graecis,
3514 1805 3584 1859 26

1999 1878 2727 1949 Augustiratione'losapltat
2749 1878 2862 1945 lilii,
2883 1882 2971 1935 ubi
3000 1883 3247 1936 scribitur
3270 1881 3499 1949 Ἀϐενήρ.

2072 1948 2150 2018 (8)
2211 1947 2431 2002 Nullum
2484 1947 3169 2074 non'lapidemrttovisset.l]
3234 1947 3579 2002 Proverbium

2072 2022 2567 2074 coccurritrursus
2610 2021 2763 2074 intra.
2808 2036 2929 2074 can.
2975 2020 3066 2074 26.
3118 2021 3293 2074 labes
3322 2019 3458 2074 apud
3490 2033 3579 2068 va-

2000 2017 2102 2072 hoc
2126 2017 2567 2075 Occurritrursus
2610 2021 2763 2086 intra,
2808 2036 2929 2089 cap.
2975 2020 3066 2074 26.
3118 2017 3293 2075 Habes
3322 2019 3458 2085 apml
3490 2033 3583 2068 va-

1998 2088 2110 2141 rios
2154 2099 2418 2144 auctores.
2472 2091 2752 2160 Euripides
2791 2091 2845 2145 in
2878 2088 3189 2145 Heraclidis
3226 2090 3359 2143 dixit
3412 2092 3593 2161 Πάντα

2000 2166 2203 2233 κινῆσαι
2223 2161 2438 2233 Ξέτρον.

2072 2232 2151 2296 (9)
2221 2227 2511 2301 Theologus
2565 2228 2752 2301 meus.]
2818 2230 2902 2301 Vlla
2965 2230 3196 2286 Joannes
3252 2227 3579 2299 evangelista

1998 2301 2112 2354 κατ’
2142 2302 2324 2364 ἔξοχὴν
2349 2300 2541 2353 dictus.
2579 2300 2713 2355 Vide
2737 2300 2976 2356 Sttidam.

2071 2370 2185 2442 (tU)
2222 2368 2524 2442 ignemque,
2555 2381 2610 2423 ut
2637 2372 2741 2424 dici
2764 2373 2912 2437 solet,
2936 2368 3182 2442 spirans.]
3224 2371 3286 2425 Et
3314 2370 3414 2424 hoc
3454 2382 3579 2437 pru-

2000 2441 2165 2493 verhii
2196 2441 2431 2507 speciem
2470 2441 2646 2495 habet.

2072 2510 2187 2583 (11)
2227 2508 2291 2562 In
2319 2509 2498 2583 aetum
2527 2512 2739 2583 sagittas
2776 2512 3021 2583 mittere.]
3049 2512 3303 2578 iteperire
3331 2520 3409 2564 est
3436 2506 3573 2583 apud

2001 2577 2228 2658 Suidatu
2259 2588 2313 2633 et
2337 2577 2691 2658 _Zenodotum
2721 2598 2734 2633 :
2765 2584 2849 2642 Εἰς
2877 2584 2959 2636 τὸν
2985 2577 3189 2658 οὖρανὸν
3234 2583 3476 2646 τοξεύεις,
3522 2577 3577 2631 in

1999 2650 2178 2723 mlunt
2204 2650 2474 2723 jarularis.

2073 2718 2294 2789 (.2)'ln
2336 2737 2521 2789 aquam
2572 2721 2866 2793 seminam]
2896 2723 3202 2792 Theognis:

2144 2832 2278 2890 Ἴσον
2335 2839 2421 2890 καὶ
2450 2838 2675 2911 σπείρειν
2702 2838 2881 2894 πόντον
2911 2838 3028 2899 ἁλὸς
3060 2837 3255 2896 πολιῆς.

2184 2927 2277 2975 Par
2302 2935 2354 2977 ut
2372 2930 2455 2989 qui
2480 2932 2723 2992 aequoreis
2745 2934 2935 2980 semina
2960 2933 3152 2979 mandat
3176 2930 3316 2989 aquis

2072 3009 2189 3086 (15)
2231 3010 2560 3086 δαξτοδαιιειί
2586 3014 2865 3086 ηιρηαεΙιὶ.]
2911 3016 3107 3081 Deliis,
3137 3015 3353 3086 Opinor,
3381 3011 3582 3086 Marty-

2001 3083 2258 3153 rologium
2291 3083 2607 3147 Romanum,
2639 3084 2672 3135 5
2712 3081 2933 3153 Augusti
2964 3101 2978 3139 :
3015 3102 3033 3135 ι
3081 3084 3232 3152 Apud
3268 3084 3422 3137 Indos
3460 3081 3584 3153 Per-

390 3154 473 3222 (t)
508 3154 703 3208 Jacobi)
733 3152 936 3225 Bittio.]
979 3156 1143 3207 Notus
1174 3153 1260 3205 hic
1282 3153 1585 3225 vir,variis‘
1612 3168 1675 3205 ex
1706 3154 1887 3208 Grmca
1919 3151 1969 3217 C
2000 3151 2075 3203 sis
2104 3149 2357 3225 tinitimos
2388 3154 2564 3220 passio
2586 3149 2887 3209 sanctorum
2921 3149 3325 3214 monachorum,
3356 3164 3429 3225 et_
3448 3152 3577 3204 alio-

320 3224 373 3276 in
402 3225 642 3279 Latinam
683 3223 934 3294 linguam
960 3224 1507 3293 interpretationibus,
1543 3223 1621 3275 vir
1650 3240 1773 3277 vere
1811 3242 1893 3276 ra-

321 3296 570 3361 tholicus,
601 3296 792 3349 nobilis
815 3294 1022 3356 Gallus,
1059 3306 1111 3347 et
1142 3294 1306 3347 abbas
1333 3295 1502 3346 sancti
1534 3294 1804 3347 Michaelis
1838 3296 1888 3348 in

320 3363 539 3429 Eremo,
570 3368 621 3419 in
653 3366 918 3421 Britannia
949 3368 1172 3417 minore.

392 3435 577 3488 Exstat
615 3444 670 3489 et
713 3437 815 3489 alia
844 3436 1058 3502 antiqua
1107 3433 1302 3500 venio,
1336 3448 1494 3502 quam
1543 3434 1731 3488 volunt
1775 3449 1895 3489 esse

320 3515 651 3573 procuratum
678 3520 705 3557 a
722 3506 949 3575 Georgio
973 3504 1348 3572 Trapezuntio.
1382 3504 1508 3575 Ejus
1530 3505 1745 3575 nomine
1774 3506 1891 3559 edi-

323 3582 408 3628 tur
436 3576 487 3628 in
517 3575 752 3630 editione
795 3574 1125 3643 Dainasceni,
1172 3589 1313 3627 anno
1363 3574 1520 3641 t5t8,
1554 3574 1797 3637 Basileze.
1828 3591 1893 3630 ex

322 3644 531 3698 ofﬁcina
560 3644 768 3699 Henrici
798 3646 963 3700 Petri.

395 3714 519 3768 Mihi
548 3714 759 3769 videtur
784 3724 935 3769 vetus
964 3714 1238 3769 translatio
1270 3713 1438 3767 multo
1471 3713 1737 3782 antiquior
1769 3715 1898 3770 Tra-

320 3785 590 3852 pezuntio.
637 3785 766 3838 Nam
806 3785 1071 3839 invenitur
1098 3801 1159 3839 ea
1207 3788 1258 3838 in
1308 3785 1684 3851 manuscriptis
1729 3801 1898 3839 mem-

324 3859 634 3918 hranareis;
665 3864 720 3910 et
756 3854 866 3923 jam
904 3865 1029 3909 ante
1078 3870 1247 3908 annos
1298 3870 1393 3908 ccc
1438 3869 1500 3908 ea
1556 3856 1899 3911 translatione

321 3940 448 3978 usus
466 3936 545 3979 est
571 3925 878 3979 Vincentius
895 3924 947 3977 in
967 3924 1195 3992 Speculo
1217 3925 1492 3987 historiali,
1518 3939 1676 3993 supra
1705 3928 1892 3980 citato.

319 3995 707 4060 'l‘rapezuntius
736 4010 864 4049 vero
909 3996 1122 4050 Patrum
1168 3997 1426 4049 memoria
1458 3996 1609 4058 vixit,
1659 4002 1895 4050 nondum

320 4078 369 4117 cn
400 4065 553 4134 annis
589 4065 811 4134 elapsis.

393 4133 645 4200 Quisquis
674 4133 823 4187 vetus
870 4133 1132 4203 interpres
1160 4135 1250 4199 sit,
1279 4133 1347 4189 de
1376 4134 1491 4202 ejus
1538 4134 1785 4188 versione
1825 4137 1892 4187 ita

324 4202 548 4257 Bittius:
601 4205 673 4257 De
718 4202 1060 4271 Trapezuntii
1093 4205 1335 4259 versione
1367 4206 1497 4258 nihil
1527 4204 1666 4259 aliud
1697 4206 1893 4270 dicam,

320 4272 483 4341 340
505 4274 606 4326 nisi
629 4288 744 4327 eam
786 4274 914 4327 tuihi
944 4274 1156 4342 quidem
1186 4285 1339 4329 antea
1369 4290 1583 4343 semper
1621 4275 1772 4329 valde
1803 4292 1896 4329 ru-

321 4348 515 4396 demet
544 4345 837 4415 impolitam
868 4347 1031 4397 visam
1060 4343 1256 4410 fuisses,
1304 4354 1423 4414 post
1444 4354 1620 4399 autem
1651 4346 1760 4418 (ubi
1802 4361 1898 4413 per

323 4490 2415 4528 Μ

2001 3236 2115 3273 rum
2144 3219 2402 3292 ti_de|ium,
2431 3238 2564 3292 quos
2600 3225 2849 3279 Abenner
2879 3240 2969 3278 rex
3019 3238 3341 3292 persequens
3390 3222 3579 3275 Eccle-

2000 3290 2281 3363 siamADei,
2310 3290 2539 3347 diversis
2582 3294 2802 3349 atl'ectos
2849 3290 3125 3363 suppliciis
3162 3290 3293 3347 caedi
3344 3292 3523 3359 jussit.
3555 3308 3577 3344 s

2000 3358 2109 3413 Nisi
2138 3361 2188 3414 in
2228 3361 2602 3434 Martyrologio
2629 3358 2995 3435 intelligantur
3034 3367 3067 3418 ii
3098 3366 3165 3420 de
3202 3358 3395 3434 quibus
3423 3376 3585 3432 supra

2000 3430 2053 3483 in
2080 3430 2179 3485 bac
2213 3430 2350 3488 Vita.
2384 3448 2503 3488 can.
2538 3435 2585 3488 t.

1999 3445 2053 3483 tu
2080 3443 2179 3485 hac
2216 3443 2350 3499 Vita,
2384 3448 2503 3499 Cap.
2538 3443 2585 3488 1.

2080 3449 2179 3485 uae
2217 3449 2350 3499 Vita,
2384 3449 2503 3502 cap.
2538 3449 2585 3488 1.

2071 3500 2188 3569 (14)
2234 3499 2430 3570 Caprea
2460 3520 2576 3557 cum
2615 3505 2756 3559 leone
2796 3522 3020 3576 pugnam
3050 3502 3210 3575 init]
3251 3502 3399 3573 Apud
3447 3501 3576 3556 Stti-

2000 3568 2122 3650 dam
2149 3568 2388 3650 senarius
2413 3591 2425 3625 ε
2446 3580 2523 3633 Mr}
2551 3580 2681 3650 πρὸς
2713 3568 2889 3631 λέοντᾶ
2915 3575 3100 3650 δορκὰς
3138 3568 3349 3647 aii-granaria
3375 3576 3577 3645 μάχης.

2004 3639 2093 3715 Ne
2114 3656 2228 3715 cum
2256 3644 2399 3715 {eone
2422 3639 2607 3713 caprea
2629 3662 2854 3715 pugnant
2874 3639 3161 3715 sunipsero.

2076 3710 2193 3785 (15)
2234 3711 2422 3767 Asinus
2465 3710 2987 3785 eslyram'audiensJ
3022 3716 3361 3768 NotiSsimum
3384 3711 3579 3785 vulgo_:

2002 3780 2149 3861 ΙΙέονος
2179 3779 2639 3861 λιξρᾳς,“νίάθΙίξθι
2669 3789 2921 3861 ἁκρρατής
2945 3779 2987 3839 τ’
3008 3786 3194 3838 Asinus
3230 3786 3357 3855 lyra?
3386 3779 3590 3836 unsettl-

2003 3860 2175 3926 tator._
2198 3852 2328 3926 Vide
2358 3852 2881 3926 Parmmiographos.

2068 3920 2183 3994 (16)
2244 3922 2489 3994 seruem]
2534 3920 2828 3994 An'Sa'rug
2852 3924 3098 3993 intelligit
3129 3926 3295 3978 tilium
3325 3924 3459 3989 Reu,
3486 3922 3592 3977 Ge-

2002 3993 2144 4065 "esis
2174 3993 2266 4065 xt?_
2288 3993 2445 4065 Certe
2478 3993 2812 4065 Epiphanius
2844 3996 2896 4049 in
2932 3997 3141 4049 Panarii
3185 3995 3451 4065 principio
3476 3994 3586 4045 ori-

1999 4060 2175 4123 Binein
2221 4060 2534 4120 idololatrize
2573 4060 2786 4119 deducit
2810 4081 2841 4119 a
2871 4065 3047 4120 Thare
3076 4077 3126 4118 et
3157 4060 3385 4120 Seruch.
3415 4064 3592 4117 Tltare

2002 4140 2183 4203 autem,
2207 4132 2376 4203 Sarug
2404 4148 2559 4188 avum
2590 4135 2771 4189 habuit
2802 4136 2853 4188 in
2878 4136 3064 4189 Latino
3097 4135 3382 4188 Bibliorum
3410 4142 3579 4188 textu.

2006 4198 2190 4276 EtAqui
2230 4203 2281 4256 in
2308 4198 2495 4259 Latino
2526 4215 2670 4276 testu
2718 4216 2801 4259 est
2844 4205 3040 4276 Sarug,
3090 4208 3142 4261 in
3183 4207 3368 4259 Graeco
3396 4217 3472 4258 εει
3503 4211 3588 4276 Σετ

2002 4272 2167 4343 ρούχ.
2221 4283 2277 4326 ιιι
2319 4276 2518 4328 ιιιιΙΙιιιιι
2546 4275 2763 4329 dubium
2793 4277 2882 4338 sit,
2941 4271 3063 4344 quin
3117 4278 3474 4329 thitnasccnus
3521 4271 3589 4326 ad

2007 4349 2180 4395 locum
2209 4343 2354 4397 illum
2386 4344 2671 4399 Bibliorum
2703 4356 2755 4400 et
2785 4346 3065 4418 Epiplianii
3104 4348 3373 4416 reSpiciat.

2962 4366 3065 4400 anu
3104 4366 3373 4400 resoluat.

2396 4502 3593 4532 Ἢ

1694 4639 2052 4683 DECEMBBIS
2101 4642 2253 4685 XXV.

622 4778 1093 4919 VlTA.
1193 4779 2022 4927 SANCT/E
2125 4788 2788 4935 EUGEN
2820 4794 3061 4933 [1E
3138 4864 3294 4954 (ης

1241 5025 1722 5099 VIRGINIS
1795 5030 1934 5102 AC
2008 5031 2663 5107 MARTYRISs

1540 5179 1909 5243 AUCTORE
1955 5186 2301 5248 INCERTO
2332 5190 2443 5259 (‘2).

384 5367 564 5421 Cum
592 5380 815 5423 PBIIUI.
843 5396 915 5407 —
943 5366 999 5423 lo
1028 5370 1256 5439 septimo
1284 5374 1562 5428 consulatu
1607 5390 1706 5430 suo
1741 5374 1899 5431 Com-
1936 5384 1981 5442 υ
2012 5378 2108 5431 llic
2135 5378 2311 5448 itaque
2364 5394 2483 5435 cum
2532 5396 2707 5439 uxore
2753 5382 2995 5448 Claudia.
3041 5401 3161 5441 cum
3205 5388 3414 5443 duobus
3468 5391 3592 5446 ﬁliis

314 5456 506 5511 modus
544 5456 623 5527 (5)
677 5457 968 5527 imperator
1015 5459 1209 5516 direxit
1255 5462 1673 5520 illustrissimum
1724 5468 1895 5527 virum

315 5548 614 5617 Philippum
654 5548 736 5620 (4)
773 5549 838 5603 ad
870 5550 1179 5622 Egyptum,
1213 5562 1271 5609 ut
1312 5569 1403 5623 pra
1423 5556 1682 5612 tecturam
1715 5571 1899 5628 ageret

246 5701 260 5721 ί
315 5638 671 5705 Alexandriae,
724 5648 779 5694 et
830 5654 1017 5697 omnes
1062 5654 1355 5712 potestates
1412 5662 1529 5716 quae
1580 5663 1675 5716 per
1733 5659 1894 5705 totam

319 5724 601 5794 Egyptum
618 5727 1127 5790 administrabantur
1147 5734 1263 5805 ejus
1292 5735 1515 5794 arbitrio
1539 5737 1892 5798 deservirem.

2000 5469 2163 5537 Avito
2187 5478 2240 5523 et
2275 5471 2485 5542 Sergio,
2522 5482 2577 5527 et
2616 5490 2737 5530 cum
2773 5476 2877 5530 tilia
2911 5478 3165 5546 Eugenia,
3208 5480 3276 5534 ab
3305 5482 3436 5536 urbe
3476 5481 3587 5534 ιιυ-

2006 5576 2164 5615 mana
2193 5563 2261 5617 ad
2292 5564 2476 5620 urbem
2522 5568 2899 5624 Alexandriam
2930 5570 3055 5625 dum
3085 5574 3374 5634 venissent,
3407 5582 3459 5626 et
3488 5572 3592 5624 lto-

2008 5668 2165 5706 mana
2197 5656 2455 5722 gravitate
2504 5671 2688 5728 ageret
2739 5661 3135 5731 praefecturam,
3184 5674 3343 5732 atque
3381 5676 3593 5716 oiunem

2004 5747 2327 5816 provinciam
2360 5749 2576 5824 {Egypti
2607 5752 2860 5811 Romanis
2887 5754 3090 5826 legibus
3118 5754 3423 5819 adornaret,
3451 5767 3589 5808 cuuv
