4010 6240
444 309 546 365 607

1487 312 1575 366 DE
1618 310 1793 366 VITIS
1832 300 2121 361 PATRUM
2164 303 2366 358 LIBER
2409 303 2677 359 PRIMUS.

3608 307 3719 362 (308

440 427 540 479 clis
568 424 781 495 quidem
815 426 1072 495 magicam
1103 427 1468 484 curiositatem
1507 427 1835 484 sectantibus
1860 422 2020 476 linem
2051 417 2098 475 Δ
2125 417 2230 471 Sed
2263 416 2349 471 hic
2376 419 2661 487 episcopus
2686 417 2850 472 variis
2876 417 3073 473 dicitur
3103 418 3360 474 Ecclesia:
3388 433 3500 474 sua:
3554 436 3721 477 occu-

440 518 713 586 itnposuit,
759 518 974 574 .lndteos
999 534 1128 574 vero
1157 535 1257 576 nec
1296 522 1743 589 nuncupationem
1793 521 2023 575 nominis

441 609 639 663 habere
670 611 933 678 permisit,
975 608 1310 665 Christianos
1338 620 1514 666 autem
1574 612 1758 678 procul
1803 612 1867 665 ab
1896 612 2024 665 Ale-

443 699 666 752 xandria
721 709 924 753 tantum
969 701 1166 755 debere
1208 716 1329 756 esse
1378 704 1676 758 constituit.
1733 703 1849 773 ipse
1894 718 2023 757 vero

440 788 557 857 plus
585 790 708 844 licet
748 791 1191 859 philosophorum
1221 795 1425 849 amicus
1444 811 1601 864 quam
1652 796 1828 852 fautor
1854 796 2024 851 idolo-

438 897 579 946 rum,
608 881 863 936 Romanis
893 892 1068 938 tamen
1093 885 1586 953 superstitionibus,
1627 902 1689 942 ac
1715 888 1758 941 si
1797 888 2023 957 religio-

436 986 527 1026 sus
556 973 750 1040 cultor,
780 974 1032 1044 instabat,
1062 990 1169 1031 non
1200 976 1424 1046 rationi,
1457 978 1549 1033 sed
1599 980 1870 1035 traditioni
1898 995 2020 1036 cono

433 1065 683 1120 cordans.

503 1151 632 1208 CAP.
664 1154 727 1209 ll.
748 1186 818 1197 —
846 1156 1134 1227 Eugeniam
1166 1157 1325 1227 igitur
1366 1159 1527 1215 ﬁliam
1561 1176 1710 1215 suam
1733 1162 1859 1216 dum
1889 1163 2020 1217 litte-

430 1243 505 1295 ris
530 1243 834 1298 liberalibus
863 1247 1250 1313 perfectissime
1275 1248 1568 1317 docuisset,
1609 1260 1664 1307 et
1689 1261 1793 1306 tam
1828 1252 2017 1307 Latino

427 1346 544 1387 eam
570 1348 727 1402 quam
762 1334 949 1391 Graeco
977 1338 1187 1408 eloquio
1232 1341 1595 1408 instruxisset,
1639 1344 1801 1398 etiam
1845 1343 2017 1412 philo-

427 1426 674 1494 sOphiam
699 1428 878 1485 doceri
904 1434 1166 1499 permisit.
1203 1434 1330 1488 Erat
1353 1436 1494 1489 enim
1541 1438 1679 1489 acris
1710 1436 1930 1506 ingenii,
1960 1446 2016 1491 et

425 1528 530 1571 tam
580 1522 849 1574 memoria:
898 1537 1093 1590 capax,
1123 1535 1177 1577 ut
1224 1526 1484 1595 quidquid
1533 1528 1798 1582 audiendo
1844 1528 2012 1581 semel

423 1611 506 1664 vel
530 1612 753 1681 legendo
797 1615 1052 1680 potuissrt
1105 1617 1365 1684 arripere,
1424 1627 1680 1686 perpetuo
1731 1618 2007 1672 retineret.

422 1704 555 1758 Erat
581 1713 757 1758 autem
788 1708 1019 1776 Eugenia
1045 1708 1258 1775 pulchra
1285 1707 1418 1762 facie
1435 1719 1488 1763 et
1506 1709 1735 1778 eleganti
1756 1725 2006 1778 corpore,

2128 510 2434 577 pationibus
2464 511 2713 566 detineri.
2745 510 2837 565 llis
2868 523 3045 566 autem
3076 512 3167 581 qui
3212 512 3264 566 in
3312 512 3508 567 divinis
3539 514 3714 570 laudi~

2126 599 2226 653 bus
2256 610 2468 666 vacant,
2491 601 2834 656 Theodorum
2864 603 3149 672 quemdam
3182 602 3555 673 presbyterum
3580 620 3709 661 con-

2124 693 2317 756 stituit,
2334 691 2487 762 cujus
2508 702 2652 749 tanta
2672 695 2923 759 miracula
2943 703 3249 759 narrantur,
3278 704 3335 749 ut
3355 695 3517 751 etiam
3541 711 3715 752 cmcos

2125 786 2241 840 suis
2286 786 2617 841 orationibus
2665 787 2961 850 illuminet,
2993 796 3047 842 et
3074 789 3349 843 dtemones
3393 787 3625 858 cffuget,
3656 800 3711 846 et

2126 875 2518 931 infirmantibus
2543 876 2733 932 afferat
2754 878 3038 932 sanitatem
3067 896 3081 932 :
3107 891 3237 933 sane
3258 877 3324 931 ad
3352 878 3711 935 diversorium

2124 967 2283 1038 hujus
2310 968 2767 1037 congregationis,
2815 968 2867 1022 in
2919 985 3025 1038 quo
3073 969 3181 1023 Deo
3222 970 3458 1034 canitur,
3510 970 3712 1026 nullam

2123 1059 2324 1128 patitur
2365 1060 2548 1114 venire
2597 1061 2939 1115 feminarum.
2982 1061 3093 1116 lloc
3142 1077 3273 1130 ergo
3322 1062 3709 1128 considerans,

2122 1149 2345 1204 tondere
2375 1165 2463 1205 me
2491 1150 2747 1218 arbitror,
2800 1160 2857 1207 ut
2897 1153 3127 1206 crastina
3158 1161 3423 1207 nocturna
3452 1153 3710 1220 profectio

2120 1238 2361 1292 ordinata
2392 1255 2487 1307 per
2517 1240 2665 1308 ipsos
2711 1240 2865 1294 nobis
2916 1242 3197 1295 transitum
3250 1241 3509 1310 praebeat.
3542 1241 3708 1298 Vobis

2119 1329 2298 1397 itaque
2326 1330 2532 1385 duobus
2558 1332 2707 1400 juxta
2739 1331 3045 1386 basternam
3079 1332 3163 1401 (ϐ)
3194 1332 3626 1404 ambulantibus,
3652 1346 3709 1389 et

2118 1422 2325 1477 caneris
2355 1424 2781 1491 praecedentibus
2811 1425 2876 1479 ad
2901 1425 3074 1479 locum
3098 1424 3342 1493 deponar
3370 1442 3399 1480 a
3426 1426 3611 1491 vobis;
3647 1436 3707 1482 et

2117 1529 2279 1568 vacua
2333 1524 2740 1583 pet-transeunte
2790 1515 3061 1582 basterna,
3115 1529 3212 1571 nos
3262 1525 3375 1571 tres
3419 1518 3500 1588 (7)
3542 1516 3705 1572 herili

2116 1605 2296 1659 habitu
2337 1606 2493 1659 simul
2542 1606 2607 1659 ad
2648 1605 2744 1660 Dei
2797 1605 3044 1659 homines
3082 1619 3455 1675 properemus.
3498 1606 3707 1662 Placuit

2114 1696 2353 1765 utrisque
2381 1698 2695 1763 consilium;
2720 1707 2776 1752 et
2805 1697 3050 1767 sequenti
3084 1708 3243 1752 nocte
3261 1737 3278 1763 ,
3306 1698 3452 1754 sicut
3477 1700 3693 1753 ordina—

420 1797 514 1849 sed
549 1796 820 1864 pulchrior
870 1807 1069 1863 mente,
1118 1809 1173 1853 et
1218 1800 1499 1855 formosior
1530 1801 1796 1855 castitate.
1845 1802 2006 1871 Igitur
2041 1786 2084 1845 Β
2115 1794 2286 1851 "eral.
2321 1787 2666 1856 adimplet!"-

419 1900 538 1939 cum
592 1886 990 1954 quintodecimo
1042 1889 1213 1942 aetatis
1271 1904 1381 1942 suae
1436 1903 1579 1943 anno
1644 1890 1712 1943 ab
1768 1890 2000 1957 Aquilio,

418 1978 613 2047 Aquilii
648 1978 726 2049 (5)
758 1980 995 2034 consulis
1019 1980 1129 2034 filio
1154 1990 1429 2048 peteretur
1456 1996 1673 2049 sponsa,
1706 1982 2003 2050 interroga-

416 2079 551 2125 tura
582 2079 733 2139 patre
784 2080 961 2125 utrum
1023 2073 1224 2139 petenti
1266 2074 1449 2140 juveni
1480 2073 1854 2128 illustrissimis
1883 2087 2002 2129 orto

412 2164 678 2220 natalibus
707 2164 1068 2218 consentiret?
1102 2165 1192 2219 llla
1222 2167 1499 2234 respondit
1530 2184 1542 2219 ε
1578 2167 1798 2220 Maritus
1838 2168 2002 2220 mori-

410 2255 529 2319 bus,
558 2270 662 2309 non
694 2256 957 2310 natalibus
988 2257 1263 2325 eligendus
1294 2269 1411 2325 est;
1436 2260 1553 2328 ipso
1583 2260 1747 2323 enim,
1782 2276 1886 2313 non
1919 2275 1999 2329 pa-

409 2348 652 2401 rentibus
697 2348 813 2414 ejus
862 2347 1117 2403 utendum
1173 2359 1275 2405 est.
1326 2349 1486 2417 Igitur
1524 2366 1642 2404 cum
1677 2351 1794 2405 aliis
1841 2364 1999 2421 atque

405 2439 529 2493 aliis
559 2439 902 2507 poscentibus
952 2439 1132 2492 animo
1161 2440 1422 2495 castitatis
1467 2443 1628 2514 341
1686 2444 1993 2509 obsisteret,

408 2534 651 2601 pervenit
699 2533 762 2589 ad
828 2550 1017 2589 manus
1066 2536 1184 2605 ejus
1230 2537 1520 2592 beatissimi
1574 2538 1721 2594 Pauli
1769 2541 1997 2608 apostoli

406 2622 757 2690 doctrina;et
786 2625 908 2681 licet
955 2626 1059 2681 sub
1104 2628 1478 2698 paganissimis
1530 2631 1838 2698 parentibus
1869 2647 1995 2701 ages

408 2722 512 2779 ret,
537 2728 658 2770 esse
689 2726 864 2770 tamen
897 2718 1058 2785 erepit
1089 2719 1270 2772 animo
1298 2719 1617 2773 Christiana.

473 2807 601 2860 CAP.
636 2806 720 2860 ΙΙΙ.
742 2839 812 2848 --
835 2809 901 2864 Et
926 2810 1177 2879 quoniam
1198 2811 1334 2881 jussi
1366 2812 1573 2866 fuerant
1603 2812 1894 2867 Christiani
1920 2814 1988 2868 ab

404 2895 726 2951 Alexandria
755 2900 886 2953 urbe
921 2899 1198 2956 discedere
1224 2944 1239 2967 ,
1275 2910 1426 2971 rogat
1457 2913 1709 2972 parentes
1755 2913 1813 2958 ut
1860 2919 1986 2970 spe-

401 2989 581 3044 ctandi
609 2991 778 3058 gratia
810 2993 1210 3059 permitteretur
1238 2995 1434 3063 praedia
1464 3010 1562 3049 sua
1589 2994 1642 3049 in
1678 2996 1985 3051 suburbano

405 3081 748 3136 Alexandria:
788 3084 958 3150 posita
1010 3084 1258 3140 circuire.
1307 3086 1547 3156 Cumque
1577 3086 1754 3141 statim
1796 3095 1854 3141 ut
1891 3087 1998 3155 po-'

2178 1876 2307 1930 Car.
2342 1875 2430 1929 IV.
2456 1906 2527 1916 —
2549 1879 2772 1933 Tantam
2803 1888 2982 1934 autem
3030 1879 3363 1935 credentibus
3392 1879 3494 1935 sibi
3525 1882 3686 1936 Chri-

2103 1976 2217 2021 stus
2244 1966 2468 2036 gratiam
2501 1968 2762 2024 exhibere
2789 1970 3036 2040 dignatus
3081 1980 3181 2033 est,
3231 1982 3284 2024 ut
3330 1973 3515 2026 eadem
3548 1973 3683 2027 hora

2102 2072 2203 2126 qua
2248 2057 2313 2110 ad
2360 2061 2744 2114 monasterium
2789 2074 3169 2131 pervenerunt,
3211 2075 3420 2119 sanctus
3449 2065 3690 2119 Helenus

2102 2149 2469 2217 superveniret
2496 2150 2800 2220 episcopus.
2836 2152 2899 2206 Et
2926 2153 3051 2223 quia
3081 2169 3197 2209 mos
3222 2164 3305 2210 est
3344 2156 3481 2224 apud
3513 2156 3685 2225 Egy-

2103 2252 2274 2308 ptum,
2305 2242 2517 2311 quando
2542 2243 2880 2298 circumeunt
2904 2247 3227 2300 monasteria
3255 2246 3514 2316 episcOpi,
3550 2248 3693 2313 psal-

2102 2332 2323 2387 lentium
2371 2343 2770 2407 eosjsequatur
2816 2337 3124 2399 exercitus;
3187 2339 3501 2406 supervenit
3551 2338 3690 2392 idem

2101 2428 2334 2484 Helenus
2382 2428 2672 2497 Heliopolis
2721 2429 3045 2498 episcopus,
3095 2439 3150 2486 et
3202 2447 3321 2486 cum
3360 2448 3427 2487 eo
3465 2431 3694 2501 amplius

2097 2534 2255 2589 quam
2282 2519 2467 2574 decem
2500 2520 2662 2574 millia
2695 2521 2933 2575 virorum
2956 2562 2970 2583 ,
3017 2522 3361 2590 psallentium
3405 2539 3468 2578 ac
3500 2524 3686 2577 dicen-

2099 2610 2227 2663 tium
2253 2627 2265 2663 :
2290 2609 2387 2665 Via
2409 2609 2675 2679 justorum
2703 2620 2846 2667 recta
2870 2613 3004 2667 facta
3041 2621 3143 2676 est,
3171 2622 3226 2668 et
3251 2615 3352 2668 iter
3373 2623 3687 2669 sanctorum

2096 2708 2473 2767 praeparatum.
2513 2699 2756 2755 Audiens
2782 2702 2894 2757 haec
2922 2703 3179 2774 Eugenia,
3207 2704 3337 2758 dixit
3367 2706 3435 2759 ad
3461 2706 3678 2760 socios:

2094 2787 2443 2845 Considerate
2471 2791 2577 2845 vim
2609 2794 2929 2863 carminum,
2955 2803 3011 2849 et
3039 2794 3233 2850 videtis
3264 2796 3328 2851 ad
3360 2812 3458 2851 nos
3508 2799 3685 2865 respi-

2094 2897 2218 2938 cere
2243 2884 2504 2953 quidquid
2546 2886 2834 2942 modulatis
2874 2888 3092 2942 vocibus
3140 2891 3394 2957 psallunt.
3436 2891 3683 2961 Denique

2092 2987 2211 3028 cum
2260 2973 2330 3030 de
2376 2976 2482 3031 Deo
2530 2992 2658 3031 vero
2710 2987 2893 3033 noster
2937 2988 3198 3035 tractatus
3242 2979 3297 3035 iu
3333 2982 3691 3051 dispositione

2092 3067 2259 3122 mutui
2288 3070 2553 3123 sermonis
2586 3069 2893 3139 haberetur,
2930 3073 3233 3129 audivimus
3274 3075 3374 3131 hoc
3413 3084 3677 3130 cantare:

402 3185 649 3241 pusccrm
677 3177 1052 3246 impetrasset,
1080 3190 1133 3235 et
1161 3181 1228 3235 ab
1257 3181 1390 3235 urbe
1419 3189 1732 3250 properare:
1773 3181 1841 3235 ad
1877 3181 1981 3236 νη,
2015 3156 2062 3223 C
2092 3160 2350 3228 Quoniam
2379 3176 2568 3217 omnes
2595 3162 2668 3217 dii
2695 3166 2931 3235 gentium
2974 3165 3239 3221 daemonia
3260 3209 3275 3233 ,
3313 3167 3453 3222 Dens
3498 3181 3680 3221 autem

400 3264 534 3334 lam,
577 3269 722 3322 audit
760 3269 1095 3327 Christianos
1144 3273 1434 3340 psallentes
1486 3283 1649 3344 atque
1700 3278 1981 3330 dicentes:

398 3358 593 3414 Omnes
616 3360 687 3414 dii
715 3364 949 3429 gentium
978 3364 1263 3431 daemonia,
1291 3367 1431 3423 Deus
1453 3379 1631 3424 autem
1663 3380 1848 3424 noster
1868 3383 1982 3424 cae-

396 3450 480 3505 los
517 3451 640 3506 fecit
680 3453 850 3521 (Psal.
896 3456 1046 3526 xcv).
1088 3456 1211 3512 llaec
1243 3459 1312 3513 ita
1343 3459 1568 3514 audiens
1608 3461 1899 3528 suspiravit
1928 3470 1982 3515 et

395 3543 559 3609 ﬂevit,
584 3550 638 3601 et
666 3546 798 3603 dicit
824 3548 889 3601 ad
922 3549 1197 3604 eunuchos
1221 3567 1416 3618 pueros
1444 3554 1660 3609 nomine
1687 3555 1905 3610 Protnm
1929 3564 1983 3610 et

394 3636 752 3706 llyacinthnm
778 3658 792 3694 :
822 3641 948 3697 Scio
989 3656 1084 3695 vos
1129 3658 1335 3698 mecum
1383 3646 1574 3700 litteris
1616 3646 1864 3702 eruditos
1928 3656 1983 3701 et

394 3731 553 3803 digna
585 3735 743 3788 simul
766 3746 820 3791 et
843 3737 1053 3807 indigna
1086 3737 1363 3794 hominum
1393 3740 1620 3809 legimus
1646 3752 1818 3812 gesta,
1854 3742 1979 3809 piti-

391 3821 734 3893 losophorum
760 3841 969 3895 queque
1000 3830 1340 3898 syllogismos
1361 3846 1497 3886 vano
1525 3832 1705 3887 labore
1728 3842 1981 3887 constru-

391 3923 507 3969 ctos
522 3916 697 3971 studio
718 3918 1184 3985 scrupulosissitno
1211 3923 1568 3990 transegimus
1594 3942 1607 3979 :
1635 3923 1976 3980 Aristotelica

390 4019 701 4075 argumenta
749 4018 805 4064 et
850 4010 1084 4067 Platonis
1134 4014 1311 4077 ideas,
1344 4026 1397 4070 et
1438 4017 1655 4086 Epicuri
1683 4029 1893 4079 sectas,
1923 4026 1978 4073 et

390 4099 627 4153 Socratis
652 4101 850 4154 monita
880 4111 935 4156 et
960 4104 1295 4171 Stoicorum;
1329 4116 1383 4163 et
1412 4119 1466 4162 ut
1502 4109 1735 4165 breviter
1779 4119 1975 4165 cuncta

390 4188 734 4257 complectar,
768 4191 1022 4261 quidquid
1052 4205 1233 4250 cantat
1279 4206 1429 4265 poeta
1454 4239 1468 4260 ,
1502 4200 1756 4269 quidquid
1794 4215 1977 4257 orator

390 4278 612 4345 invenit,
643 4279 898 4350 quidquid
930 4283 1277 4353 philosophus
1303 4288 1523 4357 cogitat,
1556 4306 1660 4344 una
1700 4293 1800 4346 hac
1850 4306 1975 4346 sen-

389 4369 554 4424 tentia
609 4371 1012 4439 exeluduntur,
1069 4391 1171 4445 qua
1224 4376 1580 4445 tripudiantes
1634 4380 1971 4436 Christianos

386 4461 636 4517 audimus
685 4464 960 4532 psallere:
1002 4468 1202 4522 Omnes
1250 4469 1322 4524 dii
1372 4472 1612 4539 gentium
1666 4472 1966 4538 dmmonia,

2089 3261 2271 3306 noster
2297 3252 2463 3308 cmlos
2494 3254 2642 3309 fecit.
2672 3255 2738 3310 Et
2764 3270 2892 3311 ecce
2923 3272 3065 3311 nunc
3104 3256 3483 3327 arripientibus
3515 3259 3676 3314 nobis

2088 3344 2208 3409 iter,
2241 3361 2347 3413 quo
2373 3346 2629 3402 recedere
2658 3348 2903 3416 cupimus
2946 3363 2977 3404 a
3017 3349 3245 3404 culturis
3291 3350 3591 3416 idolorum,
3624 3362 3680 3406 et

2097 3447 2155 3491 ut
2179 3438 2247 3491 ad
2274 3437 2636 3494 Christianam
2694 3440 2957 3495 culturam
3007 3441 3411 3509 perveniamus,
3450 3442 3678 3511 gratiam

2087 3528 2411 3596 promereri,
2442 3544 2571 3584 ecce
2613 3531 2781 3585 millia
2827 3531 3106 3586 hominum
3148 3534 3304 3587 nobis
3351 3541 3675 3597 occurrunt,

2086 3635 2189 3674 una
2220 3635 2353 3676 voce
2392 3620 2736 3676 clamantium
2783 3632 2838 3678 et
2884 3623 3223 3679 dicentium:
3259 3624 3352 3679 Via
3398 3623 3677 3693 justorutu

2085 3721 2229 3767 recta
2258 3711 2398 3767 facta
2429 3721 2533 3779 est,
2564 3723 2620 3768 et
2650 3715 2753 3770 iter
2780 3725 3086 3770 sanctorum
3113 3724 3491 3785 praeparatum.
3512 3716 3679 3772 Intel-

2085 3797 2306 3868 ligamus
2330 3815 2459 3870 ergo
2486 3817 2592 3869 quo
2633 3812 2818 3871 pergat
2849 3802 2936 3857 hic
2975 3804 3233 3872 populus;
3265 3814 3320 3859 et
3365 3805 3412 3859 si
3463 3804 3529 3859 ad
3572 3804 3677 3860 hoc

2084 3891 2444 3947 habitaculum
2475 3893 2678 3948 vadunt
2706 3909 2812 3963 quo
2840 3910 2939 3950 nos
2968 3894 3047 3949 ire
3069 3896 3455 3965 disposuimus,
3478 3896 3675 3965 junga-
3758 3886 3773 3898 ’

2084 3998 2202 4036 mur
2230 3982 2543 4038 canentibus
2567 3985 2768 4051 turbis,
2794 3996 2847 4041 et
2876 3986 3283 4042 advenientibus
3326 3986 3625 4056 computati
3647 4027 3668 4054 ,

2080 4075 2439 4147 ingrediantur
2462 4087 2517 4133 ut
2543 4077 2695 4145 socii,
2721 4092 2999 4152 quousque
3019 4078 3233 4136 notitias
3253 4079 3592 4152 colligamus.

2150 4194 2277 4247 Cap.
2310 4193 2377 4249 ν.
2402 4219 2471 4235 -
2500 4192 2662 4263 Igitur
2689 4210 2811 4248 cum
2839 4208 2899 4250 se
2928 4194 3234 4265 jnnxissent
3263 4194 3622 4264 psallentibus
3646 4235 3662 4257 .

2080 4285 2350 4349 inquirunt
2376 4286 2496 4355 quis
2524 4294 2670 4341 esset
2696 4289 2903 4354 senior,
2933 4289 3019 4358 qui
3053 4289 3202 4343 solus
3230 4288 3481 4344 vehiculo
3507 4287 3663 4343 aselli

2078 4387 2316 4433 uteretur
2346 4378 2398 4432 in
2431 4378 2608 4432 medio
2653 4378 2832 4449 pepuli
2864 4379 3138 4448 sequentis
3179 4386 3235 4434 et
3283 4380 3666 4447 praecedentis;

2076 4469 2298 4524 audiunt
2317 4470 2459 4539 quod
2484 4469 2567 4524 hic
2587 4480 2727 4525 esset
2759 4470 2990 4524 Helenus
3012 4470 3312 4539 episcopus,
3339 4471 3405 4524 ab
3434 4468 3664 4523 infantia

387 4551 528 4607 Deus
548 4560 724 4608 autem
756 4566 940 4609 noster
963 4556 1130 4612 cmlos
1161 4557 1306 4614 fecit.
1341 4559 1623 4617 Confessio
1647 4570 1701 4615 et
1729 4562 1967 4629 pulchri-
1996 4532 2048 4594 υ
2074 4561 2438 4616 Christianus:
2464 4562 2554 4632 qui
2583 4561 2708 4615 dum
2752 4557 3045 4615 infantulus
3086 4561 3139 4615 in
3183 4559 3508 4615 monasterio
3539 4573 3663 4613 cre-

386 4645 514 4699 tudo
538 4646 591 4700 in
618 4658 909 4714 conspectu
937 4649 1084 4717 ejus,
1112 4651 1369 4705 sanctitas
1392 4660 1447 4707 et
1472 4653 1869 4722 magnificentia
1908 4655 1961 4708 in

385 4735 666 4805 majestate
694 4736 831 4807 ejus.
874 4740 1036 4808 Igitur
1072 4740 1222 4809 jubet
1259 4743 1510 4798 conferre
1539 4758 1881 4799 sermonem:
1910 4755 1965 4801 et

384 4824 669 4893 Apostolus
702 4828 912 4897 legitur,
944 4840 997 4884 et
1031 4831 1299 4902 Propheta
1327 4833 1607 4900 laudatur;
1639 4836 1698 4889 lit
1736 4851 1969 4892 concor-

382 4918 469 4972 dia
501 4920 645 4986 fidei,
668 4929 723 4975 et
751 4936 851 4990 qua
881 4932 999 4977 arte
1018 4923 1084 4976 ad
1117 4926 1407 4993 penetralia
1451 4927 1728 4995 sapientia:
1770 4928 1966 4983 divina:

381 5012 584 5080 absque
613 5014 695 5067 sui
725 5015 1063 5084 separatione
1100 5019 1413 5083 perveniant
1436 5060 1449 5084 ,
1480 5020 1706 5076 consilio
1749 5021 1962 5077 ardenti

382 5100 651 5156 delinitur.
683 5102 965 5161 Dominam
1008 5122 1130 5177 me,
1166 5108 1359 5179 inquit,
1384 5111 1536 5166 vobis
1565 5122 1818 5177 usurpata
1867 5129 1962 5181 po-

383 5200 547 5248 testas
575 5194 848 5261 attribuit,
878 5198 973 5253 sed
1013 5215 1256 5256 sororem
1291 5202 1552 5270 sapientia
1595 5203 1741 5258 fecit.
1778 5203 1961 5259 Simus

380 5298 512 5353 ergo
542 5284 751 5353 fratres,
785 5288 923 5343 sicut
968 5291 1149 5348 divina
1195 5296 1459 5363 sapientia
1509 5296 1812 5364 ordinavit,
1854 5313 1962 5354 non

378 5378 523 5430 sicut
550 5390 611 5432 se
641 5377 809 5448 jactat
836 5382 1070 5439 lmmana
1098 5388 1394 5442 temeritas.
1440 5388 1730 5460 Pergamus
1760 5390 1961 5458 pariter

377 5469 446 5524 ad
475 5468 831 5539 Christianos,
859 5484 913 5530 et
936 5476 1076 5531 sicut
1097 5479 1439 5547 ordinavero,
1467 5496 1837 5550 properemus.
1866 5483 1963 5537 He-

379 5562 557 5619 lenum
586 5562 745 5618 audio
771 5564 873 5619 dici
898 5567 1209 5637 episcopum
1235 5611 1248 5633 ,
1283 5572 1437 5641 cujus
1467 5583 1547 5628 est
1578 5573 1837 5629 habitatio
1870 5574 1956 5628 illa

378 5655 430 5709 in
460 5671 561 5727 qua
592 5656 678 5713 die
706 5667 971 5729 noctuque
993 5660 1287 5717 audiuntur
1307 5657 1416 5719 Deo
1439 5679 1539 5721 suo
1558 5675 1794 5733 cantare,
1820 5682 1956 5738 quos

375 5749 536 5808 etiam
569 5766 665 5809 nos
689 5792 705 5823 ,
733 5752 944 5824 quoties
975 5754 1294 5825 transimus,
1345 5759 1630 5826 psallentes
1680 5761 1947 5819 audimus.

2071 4661 2283 4718 sceret,
2331 4660 2493 4707 tanta:
2530 4651 2829 4706 sanetitatis
2861 4652 3142 4707 virtutibus
3181 4650 3493 4723 augebatur,
3530 4660 3587 4703 ut
3612 4650 3662 4703 si

2070 4748 2282 4818 quando
2309 4749 2503 4803 missus
2530 4745 2717 4801 fuisset
2746 4746 2920 4814 ignem
2949 4744 3029 4814 (8)
3060 4759 3091 4801 e
3118 4744 3299 4800 vicino
3328 4752 3533 4813 petere,
3566 4758 3660 4796 ar-

2070 4841 2260 4896 dentes
2291 4853 2489 4906 prunas
2526 4837 2848 4893 vestimento
2897 4835 3134 4891 deferret
3183 4834 3373 4890 illzeso.
3421 4833 3662 4911 Denique

2070 4940 2194 4985 ante
2215 4971 2230 4994 ,
2263 4930 2468 4998 inquit,
2501 4942 2699 4997 paucos
2729 4926 2845 4981 dies
2873 4925 3022 4980 venit
3066 4923 3280 4993 quidam
3316 4937 3532 4992 magus,
3567 4922 3659 4993 qui

2072 5022 2353 5076 verborum
2383 5020 2712 5090 argumentis
2740 5019 2997 5088 populum
3021 5017 3117 5072 Dei
3162 5016 3463 5071 conabatur
3494 5031 3657 5070 ever-

2069 5118 2202 5171 tere,
2226 5108 2407 5164 dicens
2436 5109 2626 5162 falsum
2653 5108 2811 5161 istum
2833 5120 2954 5161 esse
2974 5105 3308 5173 episc0pum,
3337 5119 3399 5160 se
3430 5105 3657 5160 missum

2066 5215 2189 5257 esse
2216 5216 2247 5256 a
2274 5200 2488 5255 Christo
2514 5199 2580 5252 ad
2608 5197 2928 5253 docendum.
2962 5197 3057 5252 llic
3086 5208 3266 5251 autem
3309 5205 3428 5250 erat
3470 5212 3661 5250 versu-

2071 5292 2325 5356 tissimus,
2353 5300 2407 5346 et
2434 5290 2502 5346 de
2521 5288 2812 5358 Scripturis
2833 5286 3030 5342 divinis
3054 5285 3308 5355 populum
3333 5284 3654 5340 seducebat.

2070 5383 2306 5452 Denique
2325 5381 2502 5435 omnis
2524 5379 2677 5433 turba
2697 5377 3124 5433 Christianorum
3144 5376 3373 5432 accessit
3391 5376 3457 5429 ad
3482 5375 3651 5441 hunc,

2063 5492 2222 5548 quem
2256 5474 2467 5539 videtis,
2499 5474 2709 5529 Patrem
2744 5479 3028 5537 nostrum,
3062 5479 3116 5525 et
3144 5468 3279 5524 dicit
3305 5468 3392 5524 ei:
3426 5467 3654 5524 Audivi-

2064 5583 2183 5623 inus
2210 5567 2454 5632 lateam,
2485 5563 2627 5637 quod
2657 5562 2771 5633 ipse
2799 5561 2869 5616 sit
2889 5561 3083 5616 missus
3110 5574 3139 5614 a
3162 5560 3417 5616 Christo:
3445 5556 3653 5613 consti-

2065 5671 2152 5717 tue
2188 5661 2330 5715 dictu
2363 5659 2415 5713 in
2447 5672 2552 5726 quo
2579 5670 2698 5712 enm
2723 5663 2813 5709 aut
2838 5653 3065 5723 recipias
3086 5652 3181 5707 tibi
3210 5652 3438 5716 socium,
3462 5659 3576 5713 aut,
3599 5646 3643 5704 si

2058 5764 2213 5822 potes
2237 5796 2252 5821 ,
2286 5754 2573 5811 convincas
2603 5748 2734 5807 falsa
2766 5750 3058 5806 dicentem.
3093 5747 3253 5817 Igitur
3302 5744 3647 5803 constituitur
