4010 6224
265 324 370 376 609

1020 322 1173 378 \‘l'l'A
1217 323 1509 379 SANCTIE
1548 314 1899 379 EllGENlaE,
1947 314 2242 374 VIRGINIS
2283 319 2372 374 AC
2409 317 2781 377 MARTYRIS.

3428 325 3535 400 Gtt)

258 441 374 494 dies
401 444 458 493 et
483 436 632 491 locus
663 436 713 489 in
745 436 919 491 medio
945 437 1232 507 Heliopolis
1274 439 1486 492 civitate
1513 456 1526 490 :
1562 437 1704 489 venit
1730 432 1830 486 Za-
1867 430 1911 489 A
1944 430 2216 502 Cognosce
2248 442 2300 490 te
2326 445 2627 490 creaturam
2654 436 2750 490 Dei
2775 450 2920 502 esse,
2949 446 2999 491 et
3029 438 3316 506 descende,
3343 451 3396 497 et
3418 444 3531 497 nuli

257 548 378 587 reas
410 547 597 603 magus
626 547 746 586 cum
776 532 982 585 artibus
1010 531 1141 595 suis,
1171 530 1336 602 342
1363 533 1578 585 venitet
1607 528 1842 582 Helenus

255 628 544 696 episcopus
586 641 706 679 cum
755 624 1086 678 orationibus
1133 637 1263 676 suis.
1309 622 1548 692 Cumque
1594 619 1844 690 populum

255 719 572 782 salutasset,
620 719 692 770 ait
721 735 733 769 :
764 717 914 769 Nunc
946 715 1238 783 probabitis
1283 715 1500 783 Spiritus
1538 713 1626 783 qui
1661 719 1784 764 sunt
1817 725 1846 761 a

259 813 371 866 Deo
412 809 464 880 (l
488 810 644 862 Joun.
696 807 794 876 tv).
847 807 912 861 Et
963 821 1260 862 conversus
1288 807 1353 860 ad
1384 806 1645 869 Zaream,
1687 801 1849 870 coepit

258 905 543 957 verborum
573 901 759 969 ingens
781 899 973 953 habere
1002 901 1269 953 luctamen
1291 915 1306 964 ;
1325 899 1418 953 sed
1447 898 1568 966 quia
1599 906 1845 951 versutus

259 1003 378 1048 erat
407 993 588 1057 nimis,
613 1001 667 1046 et
686 992 1004 1046 concludere
1031 1006 1149 1045 eum
1175 1005 1482 1045 sermonum
1513 991 1719 1044 ratione
1745 1004 1848 1043 non

263 1085 456 1156 potuit,
488 1083 780 1151 reSpiciens
809 1083 1058 1151 populum
1090 1082 1298 1137 fortiter
1329 1082 1472 1147 laedi,
1493 1083 1630 1152 quod
1656 1081 1850 1135 Zareas

263 1176 508 1246 superior
545 1175 857 1229 abscederet
901 1174 956 1226 in
999 1173 1180 1227 verbis
1207 1214 1222 1239 ,
1264 1173 1534 1226 modicum
1583 1171 1850 1226 silentium

266 1271 586 1343 postulavit,
619 1277 674 1322 et
698 1269 770 1321 ait
804 1267 870 1321 ad
903 1268 1150 1336 populum
1184 1284 1195 1318 :
1232 1265 1378 1320 Pauli
1419 1265 1642 1334 apostoli
1672 1265 1723 1318 in
1755 1264 1854 1316 hac

266 1373 415 1432 parte
465 1361 666 1415 monita
713 1359 937 1413 omnino
969 1357 1193 1412 tenenda
1225 1366 1384 1421 Sunt;
1414 1356 1547 1411 dicit
1592 1357 1734 1409 enim
1764 1354 1852 1408 Tio

267 1455 486 1508 rnolheo
527 1451 790 1518 discipulo
837 1465 975 1504 suo:
1010 1449 1126 1504 Noli
1157 1450 1335 1504 verbis
1383 1447 1744 1511 contendere;
1787 1445 1852 1499 ad

269 1546 398 1600 nihil
432 1545 574 1598 enim
617 1544 744 1596 utile
773 1550 885 1605 est,
929 1541 1031 1596 nisi
1081 1540 1148 1594 ad
1188 1540 1594 1596 subversionem
1625 1539 1852 1592 audien-

271 1640 400 1692 tium
430 1635 516 1708 (II
545 1634 677 1692 Tim.
710 1637 792 1703 ιι).
826 1634 934 1688 Sed
967 1650 1033 1688 ne
1057 1634 1158 1689 hoc
1184 1633 1548 1688 testimonium
1577 1647 1680 1686 non
1701 1632 1852 1699 quasi

272 1732 434 1796 cauti,
469 1729 562 1783 sed
592 1727 741 1794 quasi
775 1726 941 1780 timidi
973 1724 1324 1792 proferamus,
1356 1724 1685 1778 accendatur
1717 1722 1853 1790 ignis

1951 538 2003 583 te
2035 529 2339 596 permittere
2368 528 2602 582 adorari.
2631 528 2701 582 At
2723 527 2832 593 illa,
2868 528 2950 581 his
2980 530 3198 595 auditis,
3232 532 3533 600 descendit,

1950 631 2005 677 et
2033 631 2213 677 secuta
2244 632 2321 677 est
2348 638 2451 686 me,
2485 621 2708 676 dicens:
2741 620 2857 676 Non
2884 632 2934 677 te
2960 622 3230 689 deseram,
3252 642 3532 695 quousque

1953 729 2040 768 me
2063 723 2289 768 creatori
2317 730 2436 769 meo
2477 716 2730 769 restituas
2778 725 2833 770 et
2877 717 3164 770 conditori.
3211 717 3375 787 Igitur
3412 733 3535 771 cum

1953 804 2052 859 ista
2085 805 2134 858 in
2162 805 2340 858 animo
2369 805 2608 874 episcopi
2654 806 3018 871 volverentur,
3049 810 3280 862 accessit
3320 808 3384 860 ad
3412 824 3535 862 emn

1956 897 2262 965 Eutropius,
2300 913 2420 950 cum
2465 912 2574 965 quo
2607 897 2780 952 locuta
2812 898 2985 952 fuerat
3017 899 3252 966 Eugenia
3279 938 3292 962 ,
3325 907 3378 952 et
3409 898 3542 952 dixit

1953 987 2044 1042 ei:
2078 989 2210 1042 Tres
2243 989 2391 1057 pueri
2422 991 2612 1042 fratres
2643 990 2967 1042 unanimiter
3011 992 3276 1044 culturam
3318 990 3540 1043 simula-

1955 1095 2168 1134 crorum
2202 1079 2590 1148 relinquentes,
2618 1081 2836 1134 Christo
2861 1082 3209 1136 servientium
3235 1097 3460 1136 numero
3487 1082 3540 1135 in

1956 1169 2060 1224 isto
2090 1173 2415 1226 monasterio
2438 1186 2496 1225 se
2527 1171 2720 1225 sociari
2752 1172 3142 1237 desiderantes,
3171 1183 3225 1228 et
3253 1173 3412 1227 hodie
3442 1187 3540 1225 ve-

1956 1263 2113 1330 stigia
2144 1271 2228 1314 tua
2262 1272 2680 1331 prosequentes,
2714 1263 2817 1318 huc
2855 1264 3082 1332 ingrcssi
3116 1271 3283 1318 sunt:
3315 1279 3544 1333 poscen-

1960 1361 2144 1422 tesqne
2169 1369 2271 1416 me,
2293 1369 2413 1409 cum
2439 1355 2688 1423 lacrymis
2714 1357 3135 1422 postulaverunt,
3164 1366 3220 1410 ut
3241 1365 3548 1411 mereantur

1960 1445 2162 1499 notitia:
2194 1455 2296 1498 tua:
2325 1446 2648 1500 beatissima:
2695 1449 2942 1502 revelari.
2973 1449 3124 1503 Tunc
3158 1450 3344 1504 beatus
3384 1449 3547 1502 Hele-

1961 1552 2062 1590 nus
2088 1537 2256 1590 dixit:
2293 1538 2505 1592 Gratias
2556 1539 2670 1604 tibi,
2721 1539 2846 1592 Jesu
2899 1541 3058 1607 bone,
3107 1540 3307 1606 refero,
3341 1541 3429 1608 qui
3461 1557 3548 1595 me

1961 1629 2255 1695 prxveuire
2289 1627 2458 1681 fecisti
2490 1628 2646 1696 hujus
2680 1630 2758 1682 rei
2793 1630 3056 1683 uetitiam.
3085 1630 3234 1684 Tunc
3260 1632 3543 1684 convocari

1961 1719 2027 1772 ad
2057 1734 2114 1772 se
2145 1721 2398 1787 prmcepit
2425 1735 2657 1788 pueros;
2683 1728 2738 1774 et
2758 1721 3166 1788 apprehendens
3198 1737 3412 1775 manum
3437 1721 3546 1775 Eu-

271 1824 325 1876 in
352 1821 525 1876 media
553 1820 784 1880 civitate,
815 1826 870 1872 et
900 1817 1258 1886 ingrediamur
1280 1816 1475 1883 pariter
1498 1812 1770 1867 ﬂammas:
1802 1821 1855 1865 et
1889 1807 1932 1865 Β
1960 1815 2151 1880 genite.
2186 1812 2319 1866 fudit
2348 1814 2670 1866 orationem.
2700 1816 2869 1880 Quam
2902 1829 3022 1868 cum
3050 1816 3396 1882 complesset,
3431 1816 3550 1868 tulLt

271 1914 363 1981 qui
395 1922 545 1966 ustus
594 1925 699 1965 non
745 1909 940 1972 fuerit,
990 1907 1273 1961 credamus
1303 1904 1441 1974 quod
1475 1904 1616 1958 hunc
1649 1902 1856 1956 miserit

271 2005 543 2058 Christus.
585 2002 736 2056 Tunc
780 2000 1028 2054 omnibus
1076 1997 1340 2052 sententia
1395 1995 1613 2065 placuit.
1663 1992 1856 2046 Statim

275 2096 507 2163 denique
551 2095 686 2161 ignis
732 2094 976 2161 copiosus
1028 2103 1287 2143 accensus
1334 2097 1438 2142 est.
1469 2086 1622 2140 Tunc
1669 2084 1860 2137 beatus

282 2188 519 2241 Helenus
562 2185 714 2255 jubet
754 2184 971 2238 Zaream
1003 2182 1224 2236 introire
1254 2181 1515 2234 flammas.
1540 2179 1638 2232 Cui
1665 2177 1862 2230 Zareas

273 2277 491 2345 inquit:
523 2277 806 2346 Ingredere
853 2287 908 2329 tu
957 2275 1192 2342 primus,
1234 2273 1322 2342 qui
1373 2273 1470 2327 hoc
1514 2270 1858 2340 preposuisti.

272 2366 612 2434 Consiguans
641 2382 701 2421 se
730 2367 888 2435 igitur
918 2365 1263 2419 beatissimus
1292 2371 1444 2432 pater
1476 2363 1707 2415 Helenus
1726 2403 1740 2424 ,
1769 2376 1861 2416 ex-

276 2457 458 2524 pansis
488 2456 734 2509 manibus
759 2459 1001 2524 ingentes
1033 2454 1274 2507 flammas
1297 2454 1455 2505 intrat
1482 2451 1598 2520 (9);
1630 2461 1684 2504 et
1712 2464 1861 2504 sra-s

279 2546 388 2598 illic
420 2543 637 2597 dimidia
679 2546 790 2598 fere
823 2545 950 2596 hora
971 2582 986 2607 ,
1021 2555 1192 2608 neque
1222 2538 1466 2608 capillis,
1502 2554 1674 2605 neque
1704 2539 1862 2591 vesti-

277 2637 471 2692 mentis
497 2652 560 2690 ex
592 2635 762 2704 aliqua
795 2644 942 2702 parte
969 2632 1198 2695 violatis,
1231 2641 1287 2683 ut
1318 2629 1514 2684 Zareas
1541 2645 1754 2698 quoque
1789 2629 1863 2682 iit-

278 2737 444 2781 traret
460 2727 704 2780 similiter
731 2724 1044 2792 imperabat.
1059 2722 1161 2776 Sed
1183 2720 1380 2774 Zareas
1404 2719 1673 2773 reluctare
1701 2719 1864 2786 cmpit

279 2827 334 2872 et
364 2817 568 2886 fugere.
597 2820 666 2869 At
695 2815 779 2868 ubi
810 2813 1033 2867 invitum
1081 2811 1228 2864 illum
1283 2809 1506 2879 p0pulus
1553 2809 1607 2862 in
1651 2808 1864 2877 ignibus

281 2908 529 2972 tradidit,
560 2907 741 2960 statim
788 2918 914 2958 eum
956 2903 1300 2958 circumdatis
1333 2902 1543 2954 llanuna
1581 2901 1745 2968 cwpit
1772 2915 1866 2953 ex-

281 3014 454 3053 urere.
483 2998 548 3052 Et
577 2995 869 3052 immittens
896 3009 956 3049 se
987 3001 1205 3048 sanctus
1239 2994 1491 3059 Helenus,
1526 2992 1645 3046 licet
1670 2990 1868 3046 semiu-

281 3102 461 3158 stum,
498 3093 672 3146 vivum
726 3103 899 3145 tamen
953 3090 1183 3159 eripuit,
1225 3104 1381 3158 quem
1431 3105 1550 3142 cutn
1598 3088 1865 3143 dedecore

279 3182 574 3236 eliminavit
602 3183 825 3250 populus
857 3181 926 3236 de
958 3181 1156 3234 finibus
1184 3181 1418 3249 regionis
1457 3179 1635 3247 hujus.
1675 3179 1826 3232 Hunc
1847 3219 1860 3241 ,
1892 3166 1939 3230 C

280 3276 421 3328 sicut
442 3273 663 3336 videtis,
694 3272 931 3342 quotidie
972 3285 1291 3341 quocunque
1322 3270 1619 3340 perrexerit
1639 3309 1655 3334 ,
1687 3268 1738 3321 in
1774 3267 1866 3322 Dei

281 3368 527 3422 laudibus
561 3367 787 3436 populus
814 3365 1126 3420 comitatur.

353 3458 480 3512 CAP.
513 3458 599 3512 Vl.
628 3486 695 3498 —
721 3456 958 3510 Audiens
981 3454 1096 3508 haec
1120 3453 1270 3508 beata
1300 3451 1560 3522 Eugenia,
1588 3448 1867 3516 ingemuit,

284 3562 339 3606 et
364 3551 594 3621 procidit
623 3551 687 3603 ad
719 3549 880 3618 pedes
911 3553 1063 3618 ejus,
1092 3548 1184 3617 qui
1215 3546 1319 3601 sibi
1363 3546 1621 3602 retulerat
1650 3545 1781 3609 ista,
1817 3554 1870 3598 ct

284 3644 360 3696 ait
388 3660 402 3699 :
435 3642 672 3696 Obsecro
695 3650 748 3693 te
777 3648 835 3692 ut
863 3655 948 3693 me
979 3638 1057 3692 illi
1089 3652 1192 3692 una
1217 3651 1339 3690 cum
1371 3636 1488 3690 istis
1513 3634 1721 3689 duobus
1764 3633 1874 3687 fra-

287 3737 460 3790 tribus
492 3735 626 3788 meis
655 3733 916 3796 insinues,
945 3746 1008 3785 ex
1041 3729 1202 3784 idolis
1239 3729 1384 3783 enim
1428 3727 1669 3782 converti
1720 3727 1873 3780 Volu-

287 3845 408 3885 mus
438 3828 502 3882 ad
529 3826 822 3882 Christum.
851 3826 916 3879 Et
946 3825 1067 3894 quia
1098 3823 1256 3876 simul
1293 3822 1394 3876 hoc
1423 3821 1790 3883 delinivimus,
1820 3831 1874 3874 et

287 3923 478 3977 fratres
503 3935 686 3975 sumus
711 3959 724 3983 ,
760 3916 918 3971 etiam
955 3918 1054 3969 hoc
1079 3915 1147 3969 ab
1168 3913 1358 3969 eodem
1405 3913 1694 3980 impetrare
1724 3910 1876 3964 volu-

289 4030 407 4070 mus
427 4054 442 4078 ,
485 4021 542 4067 ut
568 4025 836 4080 nunquam
866 4023 964 4062 nos
991 4007 1217 4075 patiatur
1248 4004 1314 4060 ab
1347 4005 1574 4058 invicem
1607 4003 1869 4072 separari.

291 4109 358 4162 Et
390 4107 478 4161 ille
505 4123 517 4158 :
547 4107 718 4169 Nunc,
744 4101 934 4172 inquit,
961 4101 1138 4167 silete,
1162 4112 1441 4168 quousque
1470 4099 1738 4166 ingressus
1762 4112 1875 4150 mo-

293 4200 582 4256 nasterium
623 4197 690 4250 ad
737 4196 877 4265 quod
925 4192 1094 4260 pergit
1139 4191 1406 4259 paululum
1459 4192 1791 4258 requiescat,
1823 4198 1878 4241 et

293 4309 410 4348 cum
434 4301 791 4360 opportunum
816 4286 992 4350 fuerit,
1012 4283 1268 4337 intiinabo
1298 4282 1348 4335 ei
1373 4281 1551 4335 omnia
1573 4280 1872 4334 secundum

295 4387 512 4440 verbum
543 4393 713 4438 tuum.
745 4380 950 4434 Interea
980 4377 1106 4431 dum
1151 4374 1636 4443 appropinquasset
1684 4387 1874 4426 mona-

293 4477 458 4533 sterio
488 4476 553 4530 ad
575 4473 716 4543 quod
746 4470 1018 4541 pergebat,
1051 4482 1178 4522 ecce
1205 4475 1258 4520 et
1295 4465 1368 4518 illi
1402 4464 1753 4534 egrediuntur
1775 4464 1875 4517 ob-

1960 1904 2336 1970 sequestratim
2363 1919 2477 1966 eos,
2505 1914 2558 1958 et
2583 1907 2907 1972 gravissimo
2936 1907 3082 1958 vultu
3117 1907 3369 1975 quidnam
3401 1906 3548 1960 dice-

1961 2001 2149 2044 rentur
2179 1991 2501 2061 interrogat,
2533 1996 2614 2048 vel
2651 1995 2805 2062 cujus
2829 1997 3064 2049 nationis
3093 2006 3278 2050 essent
3313 1996 3548 2050 credidit

1963 2084 2362 2152 inquirendum.
2394 2087 2473 2142 Ad
2504 2089 2618 2142 hmc
2651 2089 2880 2158 Engenia
2911 2091 3185 2158 respondit
3250 2090 3430 2149 Cives,
3471 2091 3551 2143 in-

1962 2178 2109 2247 quit,
2145 2179 2366 2232 Romani
2395 2195 2580 2232 sumus
2607 2197 2620 2234 :
2647 2197 2782 2234 unus
2809 2197 2872 2235 ex
2909 2182 2990 2236 his
3037 2182 3248 2237 duobus
3297 2182 3549 2236 fratribus

1965 2273 2100 2325 meis
2131 2272 2319 2327 Protus
2349 2272 2560 2336 dicitur,
2589 2275 2726 2326 alius
2758 2274 3093 2342 Hyacinthus
3117 2315 3130 2338 ,
3163 2288 3263 2343 ego
3289 2289 3417 2328 vero
3445 2274 3550 2327 Eu-

1964 2364 2154 2432 genius
2185 2378 2481 2430 nuncupor.
2517 2364 2614 2417 Cui
2664 2364 2849 2418 beatus
2895 2366 3128 2419 Helenus
3176 2366 3310 2418 dixit
3342 2382 3354 2416 :
3390 2365 3553 2417 Recte

1967 2464 2019 2509 te
2053 2455 2345 2522 Eugenium
2384 2470 2578 2519 vocas;
2605 2457 2834 2509 viriliter
2867 2456 3008 2509 enim
3034 2457 3168 2524 agis,
3197 2465 3250 2510 et
3280 2455 3553 2510 conferte-

1966 2554 2053 2598 tur
2097 2561 2190 2598 cor
2239 2555 2382 2599 tnnm
2431 2561 2526 2613 pro
2574 2547 2678 2601 lide
2721 2547 2941 2600 Christi.
2993 2547 3130 2616 Ergo
3173 2557 3319 2601 recte
3345 2547 3555 2599 vocaris

1971 2638 2254 2705 Engenius.
2292 2636 2420 2690 Nam
2445 2646 2498 2691 et
2527 2638 2626 2691 hoc
2658 2639 2818 2700 scias,
2851 2637 2973 2706 quia
3003 2637 3203 2704 Spiritu
3236 2647 3424 2690 sancto
3452 2651 3551 2688 nos

1967 2737 2019 2782 ct
2051 2738 2101 2782 te
2127 2728 2418 2797 Eugeniam
2449 2743 2676 2795 corpore
2701 2738 2826 2782 ante
2861 2730 3232 2795 praevidimns,
3255 2738 3308 2782 et
3329 2727 3555 2796 qualiter

1969 2819 2070 2872 huc
2097 2819 2330 2881 veneris,
2357 2828 2411 2871 et
2439 2819 2578 2887 quod
2609 2819 2692 2873 isti
2725 2820 2796 2872 tui
2823 2821 2949 2882 sint.
2978 2836 3081 2874 non
3113 2834 3200 2873 me
3259 2832 3446 2886 passus
3473 2825 3556 2870 est

1970 2908 2263 2978 praeterire.
2289 2909 2393 2962 Sed
2428 2911 2528 2964 hoc
2555 2911 2684 2964 mihi
2736 2912 2996 2965 Dominus
3030 2912 3274 2966 revelare
3304 2911 3553 2977 dignatus

1970 3011 2074 3069 est,
2103 3001 2244 3070 quod
2275 3001 2638 3070 gratissimum
2667 3004 2715 3056 ei
2745 3003 3106 3056 habitaculum
3141 3003 3190 3055 in
3222 3014 3444 3070 corpore
3467 3008 3558 3053 tuo

1973 3094 2289 3163 prteparasti
2317 3133 2330 3156 ,
2381 3093 2735 3146 custodiendo
2783 3092 3098 3160 virginitatis
3150 3091 3460 3160 praztnium,
3501 3097 3556 3144 et

1973 3184 2251 3253 prtesentis
2287 3184 2541 3252 temporis
2582 3183 2940 3238 blandimenta
2985 3183 3188 3238 fallacia
3235 3182 3556 3249 respuendo.

1974 3275 2120 3329 Scito
2147 3285 2322 3328 autem
2363 3284 2413 3328 te
2452 3289 2548 3343 pro
2600 3275 2847 3330 castitate
2897 3274 3060 3327 multa
3108 3287 3415 3342 passuram;
3465 3271 3560 3326 sed

1974 3381 2078 3420 non
2114 3374 2165 3420 te
2204 3364 2417 3420 deseret
2468 3365 2557 3419 ille
2602 3366 2686 3419 cui
2721 3373 2771 3420 te
2810 3379 2873 3418 ex
2909 3365 3116 3433 integro
3161 3362 3448 3417 tradidisti.
3481 3362 3561 3417 Ad

1975 3455 2196 3510 l’rotum
2245 3465 2423 3510 autem
2473 3464 2527 3510 et
2573 3455 2932 3524 Hyacinthum
2988 3469 3310 3517 conviersus,
3363 3453 3475 3510 ait:
3507 3451 3562 3504 In

1974 3560 2198 3614 corpore
2224 3545 2500 3599 servitutis
2537 3545 2716 3612 positi,
2745 3546 3026 3613 ingenuam
3059 3545 3373 3614 dignitatem
3399 3543 3558 3597 animi

1977 3637 2230 3690 tenuistis
2265 3637 2485 3690 fortiter
2515 3646 2569 3690 ct
2602 3637 2817 3689 tenetis.
2852 3635 3003 3690 Unde
3032 3637 3304 3700 vobis,me
3335 3645 3564 3700 tacente,

1975 3726 2222 3782 Christus
2255 3727 2506 3781 Dominus
2553 3728 2805 3796 loquitur,
2857 3727 3046 3782 dicens
3080 3745 3093 3780 :
3127 3733 3292 3781 Amen
3315 3770 3329 3793 ,
3375 3742 3532 3780 amen

1976 3819 2096 3873 dico
2127 3818 2310 3881 vobis.
2352 3817 2461 3886 jam
2503 3833 2608 3870 non
2659 3819 2832 3871 dicam
2867 3834 2960 3872 vos
2987 3832 3206 3881 servos,
3239 3820 3331 3871 sed
3365 3818 3566 3870 amicos

1975 3910 2157 3976 (Joan.
2184 3909 2292 3979 xv).
2328 3909 2477 3964 Unde
2503 3919 2557 3963 et
2585 3923 2679 3962 vos
2721 3909 2906 3963 beatos
2951 3911 3247 3972 annuntio,
3283 3909 3402 3978 quia
3444 3923 3566 3962 con.

1978 4001 2242 4057 cordastis
2267 4001 2486 4069 Spiritui
2508 4011 2715 4066 sancto,
2747 4002 2869 4070 quia
2901 4001 3062 4071 343
3094 4002 3418 4054 unanimiter
3444 4014 3566 4054 con-

1979 4093 2222 4149 sensistis
2253 4092 2472 4146 monitis
2516 4091 2840 4157 Salvatoris,
2873 4093 3032 4145 simul
3075 4092 3139 4144 ad
3186 4092 3406 4161 gloriam
3441 4107 3560 4160 per-

1980 4183 2239 4239 venientis
2291 4185 2433 4237 illam
2482 4183 2809 4251 percepturi.
2863 4184 2986 4238 Hrec
3043 4185 3229 4238 beatus
3279 4183 3558 4246 Helenus,

1981 4279 2129 4333 nullo
2157 4278 2262 4332 alio
2300 4287 2437 4332 teste
2469 4287 2666 4346 praeter
2692 4277 2854 4330 Deum
2883 4318 2895 4337 .
2939 4277 3148 4330 locutus
3172 4285 3254 4330 est
3276 4277 3326 4329 in
3361 4275 3570 4341 medio,

1980 4380 2036 4426 et
2059 4370 2217 4440 jussit
2243 4383 2359 4424 eam
2388 4370 2466 4422 sic
2497 4369 2548 4421 in
2577 4368 2716 4422 virili
2757 4367 2938 4421 habitu
2980 4382 3338 4436 permanere;
3372 4375 3425 4420 et
3460 4381 3566 4419 non

1982 4478 2103 4518 eum
2148 4462 2522 4523 deseruerunt,
2557 4473 2833 4528 quousque
2875 4457 3213 4525 baptismatis
3257 4455 3565 4509 sanctifica-

297 4572 431 4624 viam
472 4539 647 4637 patri,
691 4539 945 4632 hymnum
1005 4559 1114 4613 Deo
1160 4557 1453 4612 dicentes:
1488 4555 1872 4623 Suscepimus,
1908 4539 1961 4601 Ῑ)
1988 4558 2131 4612 tione
2177 4554 2456 4618 instructi,
2508 4549 2836 4605 monasterio
2881 4549 2947 4603 ad
2991 4548 3134 4618 quod
3180 4547 3570 4602 festinaverant

295 4663 460 4726 Deus,
487 4655 903 4713 misericordiam
928 4664 1071 4706 tuam
1095 4651 1146 4704 in
1170 4649 1347 4704 medio
1379 4648 1563 4718 templi
1599 4648 1672 4702 tui
1704 4645 1879 4715 (Psal.

295 4749 487 4816 sum).
520 4745 944 4816 lngredientibus
973 4742 1227 4810 episcopo
1262 4749 1317 4795 et
1343 4741 1569 4809 populo,
1599 4738 1762 4794 etiam
1799 4738 1882 4791 in-

297 4846 537 4918 greditur
565 4839 819 4909 Eugenia,
851 4851 973 4892 cum
1007 4834 1305 4905 Iliacyntho
1327 4842 1383 4889 et
1410 4835 1567 4888 Proto
1590 4832 1881 4888 comitibus

297 4939 434 4999 suis,
465 4941 668 4989 tantum
691 4930 739 4984 ei
760 4937 885 4982 nota
917 4941 1036 4980 cum
1059 4941 1167 4995 quo
1189 4940 1492 4980 sermonem
1525 4924 1804 4980 habuerat.

371 5031 504 5084 Car.
536 5016 648 5079 VH.
675 5053 743 5064 --
769 5020 1030 5076 Perfectis
1066 5019 1227 5089 igitur
1270 5019 1544 5072 matutinis
1590 5019 1839 5072 laudibus
1863 5058 1879 5083 ,

301 5125 574 5200 paululum
603 5119 866 5190 requievit
894 5117 1196 5185 episcOpus.
1235 5128 1288 5170 et
1325 5117 1485 5185 jussit
1521 5115 1624 5170 sibi
1665 5116 1730 5168 ad
1763 5129 1879 5168 sex-

303 5233 406 5277 tam
439 5214 750 5288 przeparari,
771 5219 827 5263 ut
848 5211 1021 5263 divina
1047 5208 1300 5278 mysteria
1332 5208 1650 5270 celebraret,
1678 5217 1736 5260 ut
1759 5208 1884 5259 dum

303 5325 509 5373 extam
544 5309 828 5378 cmpisset,
863 5317 1000 5356 nona
1048 5301 1116 5354 ad
1159 5300 1508 5355 refectionem
1534 5299 1886 5368 jejunantium

304 5419 601 5484 opportune
631 5399 954 5473 perveniret.
985 5393 1348 5463 Hequiescens
1370 5402 1546 5447 autem
1575 5390 1882 5460 episcopus,

305 5505 568 5562 somnium
599 5497 753 5556 vidit,
789 5494 841 5546 in
869 5505 976 5559 quo
1007 5487 1072 5543 ad
1103 5486 1446 5541 simulacrum
1473 5484 1683 5542 femina
1713 5487 1885 5539 duce-

308 5606 478 5660 batur,
503 5605 559 5650 ut
582 5594 652 5648 illi
681 5587 1027 5644 sacrificaret.
1055 5582 1206 5637 Tunc
1227 5581 1356 5646 dixi,
1379 5579 1568 5650 inquit,
1595 5581 1645 5634 in
1676 5579 1887 5634 somnio

310 5695 389 5746 his
419 5689 505 5759 qui
541 5701 625 5741 me
666 5681 952 5736 tenebant:
998 5675 1298 5730 Permittite
1328 5688 1412 5727 me
1443 5684 1499 5727 ut
1527 5673 1716 5743 l0quar
1762 5686 1882 5725 cum

311 5783 406 5843 dea
434 5791 631 5838 vestra.
665 5778 728 5830 Et
757 5787 876 5829 cum
909 5784 995 5824 me
1022 5768 1389 5838 permisissent
1421 5767 1601 5838 loqui,
1632 5767 1739 5822 dixi
1789 5767 1841 5822 ei
1875 5779 1886 5814 :

1987 4649 2342 4704 sociarentur.

2058 4748 2188 4802 Car.
2221 4744 2358 4800 VIH.
2382 4770 2454 4782 -—-
2482 4741 2782 4796 Redeamus
2830 4750 3006 4795 autem
3040 4740 3104 4794 ad
3143 4737 3274 4794 illud
3325 4747 3532 4807 tempus
3554 4778 3571 4802 ,

1987 4854 2095 4912 quo
2112 4840 2304 4893 Protus
2333 4844 2387 4890 et
2415 4829 2743 4904 Hyacinthus
2761 4835 3064 4886 auferentes
3087 4831 3397 4900 Eugeniam,
3428 4829 3573 4883 abie-

1989 4941 2132 4988 runt.
2168 4931 2424 4984 Basterna
2454 4925 2633 4995 igitur,
2661 4923 2919 4993 jumentis
2947 4923 3340 4976 ambulantibus
3367 4930 3421 4976 et
3445 4936 3575 4990 pue-

1991 5027 2067 5081 ris
2090 5023 2177 5093 qui
2208 5019 2668 5089 prazibant,vacua
2697 5013 2936 5082 pervenit
2957 5013 3021 5066 ad
3050 5023 3296 5066 matrem.
3323 5011 3576 5066 Videntes
3638 5037 3645 5042 -

1992 5131 2168 5171 autem
2199 5113 2407 5169 eminus
2441 5117 2787 5180 properantes
2821 5120 3041 5174 pueros,
3071 5116 3124 5159 et
3148 5107 3451 5158 basternatn
3479 5106 3604 5179 νεὶ-ί

1995 5212 2250 5271 nientem,
2274 5210 2624 5259 occurrerunt
2657 5214 2775 5253 cum
2807 5197 2999 5268 gaudio
3031 5196 3298 5260 universi;
3345 5205 3400 5250 et
3431 5197 3578 5250 inve-

1994 5305 2206 5358 nientes
2255 5297 2546 5352 vectorinm
2590 5307 2816 5346 vacuum
2844 5333 2860 5358 ,
2908 5305 3096 5345 omnes
3127 5290 3286 5343 simul
3318 5290 3574 5359 mugitum

1995 5396 2380 5458 reddiderunt,
2415 5389 2469 5442 lit
2506 5402 2716 5457 quoque
2745 5395 2962 5454 repente
2993 5385 3150 5439 totius
3175 5382 3404 5437 civitatis
3433 5392 3577 5434 stre-

1996 5487 2156 5556 pitus.
2205 5483 2335 5548 Quis
2384 5478 2526 5532 enim
2579 5477 2766 5530 audire
2807 5483 3014 5543 poterat
3057 5471 3365 5544 prmfectum
3410 5469 3574 5522 filiam

1995 5575 2364 5633 charissimam
2413 5568 2748 5640 perdidisse?
2795 5567 2920 5620 Erat
2962 5567 3138 5634 itaque
3169 5565 3410 5632 planctus
3448 5560 3577 5609 ina:-

1996 5652 2311 5729 stimabilis',
2348 5665 2501 5718 ﬂetus
2536 5663 2827 5714 immensus
2855 5677 2865 5713 :
2903 5659 3152 5726 lugebant
3183 5651 3413 5708 universi
3443 5660 3574 5698 con-

1995 5762 2138 5818 fusi:
2173 5766 2418 5830 parentes
2463 5754 2649 5820 filiam,
2673 5767 2913 5809 sororem
2946 5752 3138 5804 fratres
3166 5788 3180 5810 ,
3227 5743 3364 5801 servi
3402 5735 3572 5793 dolui.
