4010 6226
442 376 537 431 GH

1486 363 1569 418 DE
1615 362 1785 418 VlTlS
1824 357 2105 416 PATRUM
2146 359 2344 416 LIBER
2386 360 2658 418 PRIMUS.

3607 358 3713 413 Gl!

444 503 594 553 nam;
635 492 687 541 et
713 482 928 538 tenebat
964 481 1243 535 universos
1276 491 1475 532 maeror
1498 515 1513 539 ,
1542 484 1596 529 et
1624 474 1828 529 infinita
1861 471 2020 524 animi
2055 473 2103 530 A
2130 471 2272 540 quod
2313 473 2494 527 infima
2544 473 2753 529 solebat
2791 485 3045 528 exercere
3084 485 3307 542 persona
3337 470 3603 539 suscepit;
3651 471 3706 526 in

450 576 738 631 tribulatio.
789 574 974 642 Fitque
1022 585 1115 638 per
1152 578 1316 622 totam
1352 566 1680 636 provinciam
1720 561 2022 632 inquisitio,

447 668 839 734 interrogantur
868 661 1159 730 aruSpices,
1194 655 1535 726 inquiruntur
1555 653 1832 722 pithones;
1864 651 2027 705 sacri-

450 756 584 808 lieiis
622 769 834 823 quoque
869 759 922 806 et
946 746 1221 804 sceleratis
1256 745 1728 813 superstitionibus
1757 741 2020 797 darmonia

450 848 846 914 interrogantur
871 885 883 907 ,
920 854 975 894 ut
1013 854 1118 908 quo
1148 838 1380 891 venisset
1426 836 1661 904 Eugenia
1708 834 2053 900 indicarent,

452 937 559 990 Hoc
613 935 783 988 solum
833 944 1018 986 omnes
1070 929 1351 992 dicebant,
1384 925 1526 995 quod
1553 940 1671 978 eam
1703 925 1773 978 dii
1799 925 1865 978 de
1887 924 2024 978 caelo

452 1031 769 1096 rapuissent.
799 1024 1039 1079 Credidit
1067 1023 1259 1074 factum
1299 1030 1480 1088 pater;
1516 1028 1567 1072 et
1594 1019 1775 1072 ﬂetum
1804 1020 1869 1070 ad
1900 1033 2028 1071 con-

450 1121 766 1172 solationem
798 1130 1075 1176 revocans,
1105 1115 1195 1166 dat
1221 1113 1353 1166 festa
1377 1112 1684 1179 responsis,
1717 1118 1771 1164 et
1805 1110 2024 1163 deorum

449 1208 591 1260 illam
644 1219 866 1259 numero
917 1217 1274 1266 consecrans,
1306 1219 1371 1255 ex
1413 1216 1544 1254 auro
1583 1215 1716 1268 puro
1744 1201 1860 1270 ejus
1903 1201 2029 1255 fecit

449 1297 560 1352 fieri
592 1298 933 1351 simulacrum
959 1313 972 1349 :
1001 1295 1142 1364 quod
1175 1296 1246 1348 ita
1275 1295 1441 1362 coepit
1470 1293 1678 1357 excoli,
1707 1302 1768 1347 ut
1799 1308 1904 1346 non
1932 1294 2030 1346 mi-

449 1402 633 1442 norem
658 1387 915 1440 honorem
944 1399 1102 1455 quam
1127 1385 1228 1439 diis
1251 1385 1363 1439 suis
1391 1383 1728 1438 exhiberem.
1763 1385 1929 1437 Mater
1953 1393 2030 1435 ta-

447 1492 570 1532 men
593 1477 710 1546 ejus
733 1477 972 1542 Claudia,
997 1486 1049 1529 et
1081 1475 1273 1528 fratres
1307 1474 1495 1528 Avitus
1527 1484 1578 1526 et
1604 1473 1853 1541 Sergius,
1885 1473 2027 1526 nulla

449 1577 698 1636 poterant
750 1567 960 1620 ratione
989 1565 1408 1620 consolationem
1440 1565 1682 1632 accipere
1709 1603 1722 1628 ,
1755 1564 1847 1618 sed
1877 1573 2030 1618 erant

451 1656 853 1711 intolerabiliter
882 1656 1124 1723 lugentes
1152 1670 1297 1708 eam.

523 1750 652 1802 Car.
688 1748 777 1802 IX.
801 1747 1048 1801 --Beata
1092 1758 1269 1798 autem
1311 1746 1546 1814 Eugeuia
1592 1746 1728 1800 virili
1765 1747 1944 1801 habitu
1976 1756 2031 1801 et

2131 563 2379 617 onmibus
2402 579 2593 632 aquatu
2619 573 2832 633 portare
2852 603 2868 629 ,
2899 563 3038 634 ligna
3069 561 3384 628 concidere,
3419 561 3711 618 munditias

2131 652 2404 707 adhibere.
2430 653 2483 706 ln
2511 669 2577 708 eo
2604 653 2835 723 denique
2865 653 2982 707 loco
3015 651 3373 707 habitaculum
3397 650 3500 705 sibi
3524 651 3706 719 elegit,

2132 743 2221 796 ubi
2246 744 2493 798 ostiarius
2535 744 2840 798 monasterii
2874 744 3144 808 manebat,
3173 758 3240 797 ne
3271 744 3350 796 vel
3384 743 3502 811 ipso
3529 757 3590 797 se
3615 758 3709 796 su-

2133 834 2396 902 periorem
2425 836 2753 889 ostenderet.
2779 835 2918 888 Sane
2961 835 3307 888 refectionem
3345 833 3569 888 fratrum
3601 833 3712 888 sol-

2132 928 2280 982 licite
2309 930 2553 995 curabat,
2583 939 2635 983 et
2665 928 2937 995 psallendo
2959 928 3073 982 Deo
3092 927 3333 981 ordinem
3363 926 3570 981 fortiter
3589 942 3709 982 cus-

2131 1020 2401 1084 todiebat;
2452 1032 2506 1075 et
2554 1022 2722 1074 tertia:
2747 1061 2760 1085 ,
2795 1029 2990 1084 sextae,
3025 1034 3178 1072 nona:
3203 1059 3216 1082 ,
3262 1033 3370 1079 vesi
3393 1015 3582 1070 ertinis
3622 1016 3709 1071 vel

2132 1113 2406 1166 nocturnis
2449 1122 2609 1182 atque
2662 1111 2930 1164 matutinis
2975 1111 3121 1163 horis
3155 1118 3261 1162 tam
3290 1109 3597 1162 cautissime
3627 1108 3709 1161 in-

2130 1204 2389 1266 sistebat,
2425 1213 2478 1254 ut
2505 1203 2775 1255 videretur
2811 1201 2918 1268 jam
2967 1201 3165 1268 perisse
3199 1201 3341 1263 Deo,
3378 1199 3422 1252 si
3456 1200 3708 1252 horarum

2134 1296 2214 1347 vel
2263 1293 2532 1363 quidpiam
2571 1292 2727 1361 spatii
2775 1293 2975 1360 absque
3017 1290 3211 1344 divinis
3245 1289 3491 1342 laudibus
3530 1288 3706 1357 aliqua

2135 1385 2501 1453 przeteriisset.
2547 1384 2622 1436 Ita
2648 1383 2876 1451 denique
2899 1383 2949 1435 in
2979 1382 3081 1435 hoe
3110 1395 3272 1450 opere
3302 1394 3420 1434 esse
3448 1380 3556 1434 Deo
3583 1380 3713 1434 cha-

2142 1477 2250 1529 rior
2280 1476 2462 1543 coepit,
2507 1486 2561 1528 ut
2588 1474 2860 1528 da-mones
2889 1489 2952 1527 ex
2985 1474 3218 1528 obsessis
3253 1474 3566 1542 corporibus
3599 1473 3712 1540 pel-

2135 1566 2302 1629 leret,
2338 1572 2392 1618 et
2431 1579 2697 1619 caecorum
2727 1565 2910 1618 oculos
2951 1565 3199 1632 aperiret.
3246 1562 3351 1618 Sed
3397 1564 3516 1632 quia
3548 1566 3713 1618 mu'ta

2131 1657 2435 1727 singulatim
2486 1671 2710 1711 narrare
2756 1657 2975 1710 intendo
3021 1670 3113 1724 per
3147 1655 3422 1722 ordinem,
3455 1668 3710 1727 quantum

2141 1749 2400 1817 permittit
2423 1748 2675 1811 brevitas,
2699 1747 3037 1802 accedamus.

452 1842 652 1903 animo,
679 1841 727 1892 in
750 1839 1006 1907 praedicto
1029 1841 1268 1892 virorum
1300 1840 1623 1893 monasterio
1651 1840 2027 1907 permanebat:
2063 1849 2111 1908 Β
2208 1841 2335 1893 Car.
2367 1840 2459 1894 XI.
2484 1869 2554 1879 —
2581 1840 2817 1894 Matrona
2842 1839 3081 1908 qumdam
3107 1839 3471 1905 Alexandrina,
3497 1844 3711 1897 caeteris

452 1941 612 1998 atque
645 1930 714 1982 ita
763 1929 814 1980 in
854 1927 1048 1980 divinis
1082 1926 1472 1980 eruditionibus
1515 1926 1767 1994 profecit,
1800 1937 1858 1981 ut
1896 1929 2035 1982 intra

455 2017 750 2072 secundum
784 2031 980 2069 annum
1024 2030 1213 2068 omnis
1258 2015 1551 2083 scripturas
1587 2014 1885 2069 Dominicas
1924 2030 2037 2070 me-

458 2107 625 2162 moria
656 2106 928 2161 retineret.
960 2107 1125 2159 Tanta
1161 2108 1210 2159 in
1242 2121 1304 2159 ea
1335 2113 1450 2159 erat
1477 2105 1638 2159 animi
1659 2106 2032 2174 tranquillitas,

455 2206 512 2249 ut
563 2212 718 2250 unam
751 2197 892 2249 illam
927 2211 1113 2249 omnes
1152 2195 1397 2249 dicerent
1422 2209 1490 2249 ex
1533 2210 1756 2250 numero
1784 2211 1906 2250 esse
1941 2212 2037 2251 an-

453 2286 713 2354 gelormn.
738 2286 868 2352 Quis
899 2286 1040 2340 enim
1073 2287 1498 2355 deprehenderet
1529 2286 1670 2356 quod
1704 2298 1849 2341 esset
1873 2285 2035 2342 femi-

455 2390 543 2441 tia,
568 2391 727 2444 quam
754 2380 922 2428 virtus
943 2373 1138 2429 Christi
1168 2387 1220 2429 et
1244 2376 1516 2446 virginitas
1541 2378 1882 2431 imutaculala
1916 2393 2038 2447 pro-

458 2465 689 2532 tegebat,
726 2473 782 2517 ut
804 2464 1063 2518 mirabilis
1092 2475 1235 2519 esset
1264 2477 1319 2519 et
1341 2466 1504 2520 viris?
1530 2467 1720 2521 Sermo
1751 2469 1893 2522 enim
1923 2469 2039 2537 ejus

459 2566 575 2608 erat
605 2555 819 2609 humilis
850 2556 900 2608 in
924 2556 1209 2622 charitate,
1243 2558 1417 2610 clarus
1446 2558 1497 2610 in
1531 2560 1929 2625 mediocritate,
1960 2561 2041 2613 vi-

464 2645 552 2697 tiis
581 2659 789 2708 carens.
815 2653 867 2699 et
889 2645 1184 2700 facundiam
1215 2647 1439 2716 fugiens,
1464 2664 1651 2703 omnes
1670 2651 1720 2703 in
1746 2651 2042 2707 humilitate

467 2737 773 2804 superabat.
798 2730 982 2789 Nullus
1008 2738 1093 2790 illa
1122 2737 1187 2790 ad
1218 2739 1511 2792 orationem
1547 2740 1917 2795 inveniebatur
1945 2757 2042 2796 an-

473 2827 656 2889 terior,
687 2825 1019 2881 efficiebatur
1063 2843 1238 2883 autem
1288 2832 1534 2885 omnibus
1574 2833 1749 2886 omnia
1785 2851 1796 2885 :
1835 2834 2041 2890 tristem

469 2916 861 2982 consolabatur,
895 2919 1016 2971 laeto
1039 2921 1426 2988 congaudebat,
1458 2921 1778 2978 irascentem
1812 2941 1916 2980 uno
1935 2942 2046 2981 ser-

469 3022 626 3060 mone
673 3023 771 3061 suo
811 3009 1108 3077 mitigabat;
1142 3012 1535 3079 superbientem
1573 3014 1645 3067 ita
1675 3029 1771 3070 suo
1817 3016 2047 3071 :edilica-

468 3097 558 3150 bat
580 3099 845 3166 exemplo,
873 3112 926 3152 ut
954 3117 1105 3155 ovem
1137 3104 1312 3157 subito
1332 3120 1362 3159 e
1387 3105 1508 3172 lupo
1531 3103 1722 3160 factam
1741 3096 1807 3162 se.
1825 3109 2046 3164 credere

2141 1934 2401 1986 matronis
2453 1932 2815 1999 praestantior,
2864 1932 3082 1984 nomine
3122 1931 3432 1998 blelanthia,
3480 1933 3710 1987 audiens

2139 2023 2444 2090 opinionem
2472 2022 2610 2091 ejus,
2643 2024 2788 2077 venit
2815 2022 2880 2076 ad
2910 2037 3025 2074 eam
3049 2063 3064 2087 ,
3090 2024 3207 2091 quia
3227 2033 3479 2092 quartana
3500 2027 3714 2093 gravis.

2139 2115 2273 2166 sime
2305 2122 2356 2166 et
2398 2114 2508 2180 jam
2560 2127 2654 2180 per
2700 2125 2897 2165 annum
2942 2120 2996 2166 et
3043 2127 3109 2167 eo
3138 2114 3358 2181 amplius
3399 2115 3719 2169 vexabatur.

2139 2204 2308 2272 Quam
2338 2219 2457 2258 cum
2491 2204 2640 2259 beata
2677 2205 2914 2272 Eugenia
2953 2203 3072 2259 oleo
3103 2207 3442 2274 perunxisset
3466 2248 3480 2270 ,
3503 2220 3719 2260 omnem

2143 2296 2396 2349 continuo
2424 2293 2586 2365 344
2613 2294 2921 2348 violentiam
2954 2293 3094 2349 fellis
3121 2295 3378 2350 evomuit.
3410 2297 3474 2350 Et
3501 2296 3722 2352 sanissi-

2143 2401 2226 2440 tua
2256 2387 2463 2443 reddita
2493 2432 2506 2452 ,
2543 2386 2763 2455 pedibus
2790 2386 2857 2440 ad
2898 2402 3053 2441 suum
3085 2387 3435 2442 diversorium
3469 2405 3722 2458 propera-

2142 2477 2240 2539 vit,
2264 2477 2406 2546 quod
2439 2477 2490 2532 in
2537 2478 2709 2531 vicino
2760 2480 3069 2532 monasterii
3127 2481 3451 2548 possidebat.
3500 2481 3724 2537 Ordinat

2144 2569 2345 2622 interea
2378 2583 2620 2633 munera,
2679 2569 2908 2640 scyphos
2937 2581 3220 2639 argenteos
3253 2581 3359 2626 tres
3386 2573 3568 2643 implet
3589 2575 3723 2628 soli-

2144 2658 2246 2721 dis,
2279 2667 2333 2712 et
2379 2659 2476 2712 hos
2504 2660 2797 2712 sanationis
2840 2673 2950 2712 suae
2997 2663 3163 2728 gratia
3217 2661 3377 2716 mittit
3414 2664 3479 2717 ad
3513 2664 3722 2720 beatam

2148 2749 2462 2818 Eugeniam.
2492 2749 2585 2804 Cui
2607 2760 2876 2820 gratanter
2899 2752 3176 2807 remittens
3196 2768 3314 2823 quae
3340 2754 3579 2823 miserat,
3609 2758 3682 2811 ait
3707 2774 3724 2811 :

2147 2840 2522 2904 Ahundamus,
2577 2850 2631 2894 et
2694 2843 3189 2910 superabundatnus
3234 2846 3482 2900 omnibus
3548 2847 3725 2902 bonis.

2153 2932 2303 2987 Unde
2336 2944 2407 2996 te,
2442 2949 2634 3000 parens
2663 2935 2975 2988 charissima
3006 2936 3315 3003 Melanthia,
3348 2949 3404 2992 ut
3436 2941 3531 2993 ista
3562 2956 3726 3008 egen-

2151 3023 2290 3075 tibus
2321 3024 2488 3090 magis
2517 3038 2581 3076 ac
2603 3025 2977 3078 necessitatem
3003 3027 3324 3094 patientibus
3348 3029 3575 3093 ditidas,
3602 3030 3726 3083 hur-

2153 3124 2237 3168 ιρι
2265 3124 2319 3167 et
2350 3131 2563 3169 moneo.

472 3187 848 3241 delectaretur.
877 3189 1098 3244 Tantam
1127 3197 1282 3249 aDeo
1298 3197 1616 3263 estgratiam
1647 3209 1931 3254 consecuta
1951 3243 1965 3265 ,
1992 3210 2048 3254 ut
2077 3201 2123 3266 C
2223 3206 2351 3259 CAP.
2385 3205 2497 3259 ΧΗ.
2535 3235 2603 3246 —
2633 3206 2870 3260 Audiens
2903 3208 3213 3274 Melanthia,
3246 3213 3581 3269 con5tristata
3612 3223 3728 3281 est;

471 3292 858 3344 quemcumque
889 3281 939 3334 in
967 3282 1151 3337 dolore
1173 3284 1398 3352 positum
1430 3288 1716 3355 visitasset,
1745 3292 1918 3344 omnis
1939 3304 2047 3346 sta-

475 3365 566 3420 tim
596 3367 750 3422 dolor
778 3372 1092 3438 recederet,
1130 3383 1182 3429 et
1208 3378 1382 3432 omnis
1428 3379 1714 3435 salubritas
1744 3384 2045 3440 adveniret.

470 3456 703 3514 Comites
735 3469 913 3516 autem
943 3464 1058 3532 ejus
1079 3465 1404 3537 Hyacinthus
1433 3477 1487 3524 et
1507 3470 1697 3526 Protus
1717 3477 2047 3531 comitaban-

470 3557 557 3603 tur
584 3565 723 3615 eam,
747 3561 800 3606 et
819 3564 970 3606 erant
995 3556 1047 3607 in
1078 3556 1325 3611 omnibus
1355 3558 1785 3629 obtemperantes
1814 3565 1886 3618 ei.

541 3643 668 3697 Car.
701 3643 1060 3702 X.-—Tertio
1105 3649 1264 3718 igitur
1308 3665 1450 3705 anno
1490 3655 1858 3709 conversionis
1899 3658 2040 3726 ejus,

470 3732 636 3789 abbas
665 3738 755 3803 qui
787 3746 1014 3805 praeerat
1047 3740 1298 3794 fratribus
1329 3742 1380 3794 in
1416 3746 1742 3799 monasterio
1764 3787 1778 3812 ,
1804 3748 2050 3818 migravit

469 3824 537 3878 ad
567 3825 869 3883 Dominum.
899 3829 1024 3883 Pest
1051 3832 1208 3899 cujus
1245 3831 1554 3887 abscessum
1599 3838 1847 3894 omnibus
1879 3841 2047 3896 visum

471 3925 556 3969 est
584 3926 639 3968 ut
667 3917 766 3971 sibi
793 3919 999 3973 beatam
1027 3921 1319 3988 Eugeniam
1345 3924 1602 3993 eligerent
1626 3928 2050 3987 abbatem.‘l‘unc

480 4007 637 4059 beata
673 4007 903 4074 Eugenio
938 4021 1178 4066 metuens
1206 4028 1264 4067 se
1303 4013 1554 4070 feminam
1585 4029 1770 4073 contra
1812 4025 2046 4090 regulam

479 4097 606 4149 viris
635 4099 897 4165 pra-poni;
930 4101 1051 4154 item
1086 4102 1278 4158 timens
1308 4120 1374 4160 ne
1403 4121 1589 4162 omnes
1619 4113 1940 4167 unanimiter
1960 4116 2054 4169 de-

475 4199 756 4254 precantes
811 4202 1115 4256 sperneret,
1171 4194 1245 4247 ait
1293 4195 1359 4247 ad
1401 4210 1495 4250 eos
1525 4214 1539 4248 :
1567 4198 1804 4254 Obsecro
1850 4219 1942 4257 vos
1997 4217 2052 4260 ut

483 4280 827 4347 livangelium
851 4281 904 4334 in
930 4286 1176 4351 praesenti
1197 4286 1511 4342 adhibeatis.
1540 4291 1689 4354 Quod
1719 4309 1838 4348 cum
1863 4295 2051 4353 fuisset

484 4368 725 4432 allatum,
755 4369 887 4424 dixit
906 4388 919 4425 :
938 4372 1384 4443 Quotiescumque
1405 4377 1717 4434 Christianis
1733 4384 1928 4452 aliquid
1952 4389 2050 4441 eli-

479 4456 710 4524 gendum
741 4469 822 4512 est
846 4501 861 4524 ,
889 4459 1128 4515 Christus
1157 4471 1240 4517 est
1278 4472 1400 4519 ante
1439 4469 1617 4523 omnia
1645 4473 2043 4530 auscultandus.

2151 3307 2204 3351 et
2235 3300 2476 3364 veniens,
2511 3300 2674 3368 coepit
2705 3314 2890 3370 rogare
2920 3309 2974 3355 et
2999 3303 3257 3371 ampliora
3290 3307 3616 3374 promittere.
3645 3311 3730 3366 Fit

2151 3389 2363 3442 assidua
2395 3391 2534 3443 circa
2585 3390 2790 3445 beatam
2834 3392 3124 3462 Eugeniam
3147 3435 3161 3461 ,
3193 3397 3325 3450 etin
3354 3398 3500 3452 nullo
3539 3399 3732 3469 depre-

2151 3477 2389 3533 hendens
2431 3480 2572 3550 quod
2604 3490 2747 3535 esset
2793 3481 2988 3537 femina
3015 3524 3030 3549 ,
3070 3483 3332 3551 elegantia
3361 3487 3623 3558 decipitur
3643 3489 3733 3560 juo.

2157 3571 2406 3625 ventutis.
2447 3571 2643 3627 Videtis
2682 3587 2798 3627 eam
2822 3613 2837 3640 ,
2865 3574 3114 3644 juvenem
3145 3593 3240 3645 per
3269 3580 3546 3636 veritatem
3581 3594 3732 3651 puta-

2157 3661 2246 3713 lmt
2295 3676 2414 3717 esse
2461 3671 2763 3729 terrenum;
2811 3680 2869 3720 se
2917 3675 3096 3722 autem
3130 3683 3232 3723 non
3270 3673 3554 3729 sanctitate
3579 3675 3732 3745 ejus,

2158 3751 2250 3802 sed
2283 3753 2458 3821 aliqua
2501 3764 2616 3810 arte
2642 3755 2959 3811 existimans
2999 3757 3162 3814 fuisse
3190 3762 3446 3818 salvatam
3467 3809 3482 3833 ,
3516 3766 3568 3820 in
3598 3782 3734 3823 con-

2155 3842 2483 3911 cupiscentia
2515 3845 2630 3914 ejus
2663 3846 2932 3913 elabitur;
2964 3858 3018 3903 et
3044 3863 3238 3920 putans
3267 3855 3542 3924 amplioris
3574 3874 3735 3927 pecu-

2159 3934 2260 3986 nia:
2289 3933 2619 4001 cupidiorem
2644 3979 2660 4004 ,
2691 3939 2854 4007 erepit
2885 3939 3090 3994 infinita
3135 3941 3364 4012 olTerre,
3393 3955 3447 4002 et
3474 3949 3733 4017 ampliora

2159 4023 2491 4092 promittere.
2534 4026 2775 4096 Cumque
2822 4031 3017 4099 saepius
3067 4033 3253 4088 eadem
3299 4050 3634 4105 precaretur,
3678 4055 3736 4096 et

2150 4123 2303 4183 grato
2343 4115 2522 4170 animo
2558 4118 2739 4171 oblata
2767 4120 2867 4173 sibi
2896 4122 2964 4175 ab
3005 4121 3240 4192 Eugenia
3275 4140 3522 4182 cerneret
3552 4131 3736 4196 reddi,

2157 4204 2384 4258 declinat
2415 4206 2480 4260 ad
2531 4207 2786 4275 majorem
2832 4208 3102 4266 interitum
3131 4254 3144 4277 ,
3168 4217 3537 4283 aegritudinem
3569 4220 3736 4275 simu-

2159 4294 2293 4347 lans.
2318 4296 2483 4361 Quam
2506 4312 2624 4351 cum
2657 4298 2809 4353 beata
2841 4300 3073 4370 Eugenia
3117 4315 3298 4374 rogata
3339 4308 3574 4364 visitaret
3594 4352 3609 4376 ,
3642 4327 3735 4366 se-

2158 4385 2302 4439 denti
2328 4397 2454 4442 ante
2483 4389 2672 4444 lectum
2699 4405 2853 4445 suum
2881 4405 3078 4448 sanctae
3125 4397 3375 4466 Eugcuize
3410 4401 3529 4454 talia
3565 4407 3738 4470 erepit

2159 4479 2488 4544 producere:
2517 4480 2865 4537 intolerabilis
2902 4485 3040 4540 circa
3076 4495 3126 4541 te
3159 4503 3311 4542 amor
3337 4500 3516 4558 peetus
3545 4507 3733 4548 meum

478 4546 759 4602 Videamus
779 4564 906 4619 ergo
930 4551 983 4605 in
1012 4551 1110 4606 hac
1133 4554 1400 4610 electione
1427 4566 1600 4612 vestra
1616 4562 1741 4630 quid
1767 4566 1880 4634 ipse
1908 4581 2042 4633 prae-
2075 4562 2126 4620 D
2153 4571 2404 4637 exagitat,
2441 4585 2538 4624 nec
2579 4572 2742 4626 ullum
2773 4570 3068 4630 remedium
3100 4546 3386 4648 fatigationi
3415 4596 3550 4636 mea:
3577 4599 3738 4653 repe-

470 4638 660 4706 cipiat,
693 4648 750 4693 ut
777 4648 834 4694 et
862 4642 1048 4698 vestris
1071 4640 1257 4710 jussis,
1283 4655 1336 4700 et
1364 4647 1532 4716 ipsius
1559 4654 1774 4707 monitis
1804 4655 2047 4713 intenda-

471 4745 611 4809 mus.
643 4731 711 4784 Et
740 4733 1018 4788 revolvens
1041 4734 1326 4806 Codicem,
1353 4741 1496 4795 venit
1521 4743 1587 4797 ad
1619 4743 1794 4800 locum
1815 4787 1832 4813 ,
1863 4758 1918 4805 et
1939 4765 2049 4806 cm-

470 4823 546 4891 pit
575 4824 772 4893 legere,
804 4825 985 4880 dicens
1020 4846 1031 4880 :
1068 4828 1208 4884 Dixit
1229 4829 1383 4887 Jesus
1405 4832 1684 4905 discipulis
1713 4841 1863 4895 suis:
1892 4842 2050 4899 Scitis

467 4915 592 4979 quia
623 4915 890 4984 principes
918 4919 1155 4987 gentium
1186 4922 1419 4990 majores
1451 4937 1576 4982 sunt
1617 4928 1699 4985 his
1729 4933 1923 5001 quibus
1953 4937 2050 4991 do-

471 5003 758 5071 minantur,
793 5016 846 5060 et
874 5009 1227 5079 principatum
1249 5028 1432 5069 eorum
1457 5031 1652 5086 gerunt
1680 5022 1894 5092 (Matth.
1925 5029 2042 5098 xx).

467 5095 618 5163 Apud
662 5114 755 5155 vos
803 5111 981 5159 autem
1030 5120 1134 5161 non
1182 5120 1264 5163 est
1293 5110 1409 5175 sic,
1441 5113 1534 5166 sed
1566 5114 1611 5168 si
1642 5117 1762 5185 quis
1792 5119 1843 5172 in
1892 5095 2045 5176 vobis

469 5192 580 5244 vult
613 5194 812 5260 primus
841 5212 982 5262 esse,
1011 5204 1081 5255 sit
1108 5210 1284 5257 vester
1312 5205 1529 5259 ultimus
1555 5224 1568 5272 ;
1601 5216 1656 5262 et
1680 5206 1726 5264 si
1756 5211 1876 5279 quis
1906 5213 2044 5268 inter

470 5296 564 5332 vos
611 5285 838 5341 voluerit
883 5304 1000 5346 esse
1026 5292 1272 5350 dominus
1297 5337 1312 5363 ,
1344 5301 1413 5352 sit
1445 5307 1619 5355 vester
1642 5317 1829 5358 servus
1857 5305 2046 5377 (Luca:

468 5372 641 5462 axili).
674 5375 738 5428 Et
770 5377 850 5432 his
880 5379 1059 5446 dictis,
1093 5384 1286 5452 adjecit
1313 5404 1324 5439 :
1352 5387 1508 5454 Ecce,
1543 5391 1748 5462 inquit,
1776 5405 1830 5449 et
1850 5372 2044 5454 vestris

459 5455 625 5526 jussis
652 5463 1027 5532 obtemperans
1052 5509 1066 5534 ,
1098 5471 1311 5527 decrevi
1339 5455 1633 5544 primatum.
1652 5455 1955 5552 suscipere,
1987 5496 2042 5542 et

464 5549 670 5606 Domini
714 5555 1046 5625 jussionibus
1103 5563 1363 5630 obedire,
1415 5567 1659 5625 ultimum
1709 5549 1815 5627 me-
1849 5549 2040 5632 vestrae

458 5643 706 5698 cltaritati
729 5649 1016 5706 constituo.
1041 5651 1386 5710 Exhilaratur
1405 5659 1642 5714 omnium
1667 5676 1825 5718 causa
1843 5665 1894 5720 in
1911 5682 2040 5720 con-

461 5745 620 5785 Settsu
645 5736 764 5802 ejus
797 5751 809 5789 :
838 5738 948 5806 ipsa
982 5751 1154 5796 tamen
1188 5755 1309 5801 ante
1352 5761 1541 5804 omnes
1571 5766 1703 5821 opus
1730 5759 2035 5813 monasterii

2151 4659 2256 4712 rire
2282 4662 2446 4728 potui,
2479 4662 2579 4715 nisi
2608 4670 2665 4716 ut
2702 4672 2754 4717 te
2785 4667 3020 4721 omnium
3067 4685 3246 4724 rerum
3277 4687 3511 4727 mearum
3553 4674 3728 4730 donti-

2151 4764 2276 4802 num
2301 4749 2596 4805 instituam.
2627 4753 2764 4820 Quid
2789 4755 3015 4825 teipsum
3040 4762 3190 4815 vanis
3212 4772 3265 4817 et
3290 4764 3535 4821 inanibus
3563 4768 3736 4822 absti-

2152 4843 2350 4898 nentiis
2379 4846 2620 4900 crucias?
2655 4847 2793 4902 Ecce
2837 4854 3233 4918 possessionum
3277 4857 3619 4928 locupletatio
3650 4862 3732 4916 in-

2154 4933 2330 5000 finita,
2362 4944 2414 4990 et
2462 4951 2590 4992 ecce
2639 4940 2754 4993 auri
2802 4943 3014 5011 pondus
3063 4945 3416 5016 immensum,
3445 4960 3503 5005 et
3526 4956 3735 5023 argenti

2153 5026 2509 5082 ministerium
2559 5032 2837 5098 copiosum
2861 5073 2877 5097 ,
2929 5045 2984 5088 et
3015 5035 3230 5092 familia:
3260 5040 3501 5097 inlinitus
3528 5055 3609 5098 est
3636 5063 3738 5100 nu-

2151 5132 2330 5173 merus
2361 5137 2373 5170 :
2405 5121 2635 5188 dignitas
2683 5126 3063 5191 generositatis
3116 5139 3199 5183 est
3245 5132 3416 5197 mihi;
3453 5135 3553 5189 hoc
3590 5151 3740 5191 anno

2151 5212 2352 5280 absque
2385 5213 2504 5265 filiis
2533 5215 2748 5269 viduata
2773 5231 2912 5283 sum,
2938 5221 3164 5276 succede
3190 5238 3286 5292 pro
3312 5226 3392 5280 eis
3422 5227 3472 5281 in
3503 5226 3740 5283 faculta-

2155 5303 2298 5356 tibus
2338 5304 2500 5371 meis,
2531 5317 2711 5361 etnon
2741 5310 2911 5364 solum
2944 5327 3120 5367 rerum
3155 5330 3415 5384 mearum,
3449 5321 3542 5374 sed
3580 5337 3739 5377 meus

2153 5404 2267 5448 esto
2282 5394 2392 5464 jam
2416 5395 2686 5454 dominus.
2709 5398 2949 5472 Cumque
2975 5403 3091 5458 haec
3124 5415 3178 5459 et
3208 5407 3290 5460 his
3322 5409 3518 5465 similia
3545 5411 3737 5480 loque-
3793 5475 3802 5496 ι

2148 5496 2310 5552 retur,
2345 5488 2483 5541 dixit
2511 5490 2577 5544 ad
2603 5505 2718 5546 eam
2749 5493 2979 5560 Eugenia
3008 5512 3019 5546 :
3047 5493 3213 5552 Recte
3240 5513 3434 5555 nomen
3463 5509 3610 5555 tuum
3647 5504 3740 5556 ni-

2143 5578 2382 5645 grediuis
2413 5591 2636 5635 testatur
2662 5583 2967 5651 perfidiam;
2999 5602 3248 5656 magnum
3273 5592 3416 5645 enim
3439 5599 3492 5647 te
3515 5590 3736 5648 diabolo

2147 5669 2502 5723 habitaculum
2553 5676 2864 5742 praeparasti
2901 5677 3162 5736 :diseede
3207 5695 3236 5734 a
3286 5685 3462 5738 servis
3495 5686 3608 5765 Dei,
3636 5685 3734 5740 de-

2144 5759 2348 5826 ceplrix
2368 5771 2420 5818 et
2440 5762 2756 5821 illecebrosa
2789 5767 3111 5838 Melanthia;
3143 5787 3238 5829 nos
3271 5776 3414 5830 enim
3439 5759 3598 5831 aliter
3623 5778 3732 5830 ιισέκ-
