  <div class='ocr_page' id='page_1' title='image "/cluster/home/n/w/nwhite01/storage/ocr_20150623/73/uva.x000827085/314.png"; bbox 0 0 4010 6228; ppageno 0'>
   <div class='ocr_carea' id='block_1_1' title="bbox 291 355 392 411">
    <p class='ocr_par' dir='ltr' id='par_1_1' title="bbox 291 355 392 411">
     <span class='ocr_line' id='line_1_1' title="bbox 291 355 392 411; baseline 0 0"><span class='ocrx_word' id='word_1_1' title='bbox 291 355 392 411; x_wconf 73' lang='lat'><strong>615</strong></span> 
     </span>
    </p>
   </div>
   <div class='ocr_carea' id='block_1_2' title="bbox 1057 339 2822 408">
    <p class='ocr_par' dir='ltr' id='par_1_2' title="bbox 1057 339 2822 408">
     <span class='ocr_line' id='line_1_2' title="bbox 1057 339 2822 408; baseline -0.002 -4"><span class='ocrx_word' id='word_1_2' title='bbox 1057 347 1213 404; x_wconf 71' lang='lat' dir='ltr'><strong>VI&#39;I&#39;A</strong></span> <span class='ocrx_word' id='word_1_3' title='bbox 1251 344 1550 403; x_wconf 59' lang='lat' dir='ltr'><strong>SANCTA‘I</strong></span> <span class='ocrx_word' id='word_1_4' title='bbox 1593 341 1946 408; x_wconf 64' lang='lat' dir='ltr'><strong>EUGENIE,</strong></span> <span class='ocrx_word' id='word_1_5' title='bbox 1997 339 2292 399; x_wconf 77' lang='lat' dir='ltr'>VIItGINIS</span> <span class='ocrx_word' id='word_1_6' title='bbox 2331 342 2418 397; x_wconf 84' lang='lat' dir='ltr'><strong>AC</strong></span> <span class='ocrx_word' id='word_1_7' title='bbox 2458 341 2822 400; x_wconf 77' lang='lat' dir='ltr'><strong>MARTYRIS.</strong></span> 
     </span>
    </p>
   </div>
   <div class='ocr_carea' id='block_1_3' title="bbox 3451 340 3550 393">
    <p class='ocr_par' dir='ltr' id='par_1_3' title="bbox 3451 340 3550 393">
     <span class='ocr_line' id='line_1_3' title="bbox 3451 340 3550 393; baseline 0.01 -1"><span class='ocrx_word' id='word_1_8' title='bbox 3451 340 3550 393; x_wconf 71' lang='lat' dir='ltr'><strong>6H</strong></span> 
     </span>
    </p>
   </div>
   <div class='ocr_carea' id='block_1_4' title="bbox 283 455 3554 535">
    <p class='ocr_par' dir='ltr' id='par_1_4' title="bbox 283 455 3554 535">
     <span class='ocr_line' id='line_1_4' title="bbox 283 455 3554 535; baseline -0.003 -10"><span class='ocrx_word' id='word_1_9' title='bbox 283 471 515 525; x_wconf 75' lang='lat' dir='ltr'><strong>litamus.</strong></span> <span class='ocrx_word' id='word_1_10' title='bbox 550 467 792 524; x_wconf 85' lang='lat' dir='ltr'><strong>Habeant</strong></span> <span class='ocrx_word' id='word_1_11' title='bbox 823 479 950 535; x_wconf 91' lang='lat' dir='ltr'><strong>opes</strong></span> <span class='ocrx_word' id='word_1_12' title='bbox 982 471 1086 518; x_wconf 75' lang='lat' dir='ltr'><strong>tua:</strong></span> <span class='ocrx_word' id='word_1_13' title='bbox 1114 462 1186 517; x_wconf 90' lang='lat' dir='ltr'><strong>tui</strong></span> <span class='ocrx_word' id='word_1_14' title='bbox 1215 461 1417 516; x_wconf 86' lang='lat' dir='ltr'><strong>similes</strong></span> <span class='ocrx_word' id='word_1_15' title='bbox 1446 459 1692 516; x_wconf 90' lang='lat' dir='ltr'><strong>dominos</strong></span> <span class='ocrx_word' id='word_1_16' title='bbox 1716 497 1732 525; x_wconf 94' lang='lat'><strong>,</strong></span> <span class='ocrx_word' id='word_1_17' title='bbox 1765 473 1863 513; x_wconf 91' lang='lat' dir='ltr'><strong>nos</strong></span> <span class='ocrx_word' id='word_1_18' title='bbox 1893 458 1942 520; x_wconf 82' lang='grc' dir='ltr'><strong>Α</strong></span> <span class='ocrx_word' id='word_1_19' title='bbox 1969 471 2076 511; x_wconf 87' lang='lat' dir='ltr'><strong>non</strong></span> <span class='ocrx_word' id='word_1_20' title='bbox 2114 456 2167 511; x_wconf 92' lang='lat' dir='ltr'><strong>in</strong></span> <span class='ocrx_word' id='word_1_21' title='bbox 2216 471 2333 511; x_wconf 88' lang='lat' dir='ltr'><strong>eam</strong></span> <span class='ocrx_word' id='word_1_22' title='bbox 2367 458 2534 526; x_wconf 83' lang='lat' dir='ltr'><strong>ipsam</strong></span> <span class='ocrx_word' id='word_1_23' title='bbox 2579 456 2937 524; x_wconf 89' lang='lat' dir='ltr'><strong>retorqueatis</strong></span> <span class='ocrx_word' id='word_1_24' title='bbox 2981 455 3322 518; x_wconf 88' lang='lat' dir='ltr'><strong>sententiam,</strong></span> <span class='ocrx_word' id='word_1_25' title='bbox 3356 464 3408 510; x_wconf 90' lang='lat' dir='ltr'><strong>et</strong></span> <span class='ocrx_word' id='word_1_26' title='bbox 3439 455 3554 514; x_wconf 82' lang='lat' dir='ltr'><strong>haec</strong></span> 
     </span>
    </p>
   </div>
   <div class='ocr_carea' id='block_1_5' title="bbox 282 550 1860 618">
    <p class='ocr_par' dir='ltr' id='par_1_5' title="bbox 282 550 1860 618">
     <span class='ocr_line' id='line_1_5' title="bbox 282 550 1860 618; baseline -0.006 -4"><span class='ocrx_word' id='word_1_27' title='bbox 282 564 516 617; x_wconf 73' lang='lat' dir='ltr'><strong>delectat</strong></span> <span class='ocrx_word' id='word_1_28' title='bbox 555 558 862 615; x_wconf 85' lang='lat' dir='ltr'><strong>mendicare</strong></span> <span class='ocrx_word' id='word_1_29' title='bbox 889 570 1009 611; x_wconf 90' lang='lat' dir='ltr'><strong>cum</strong></span> <span class='ocrx_word' id='word_1_30' title='bbox 1055 553 1290 608; x_wconf 79' lang='lat' dir='ltr'><strong>Christo.</strong></span> <span class='ocrx_word' id='word_1_31' title='bbox 1320 550 1533 605; x_wconf 83' lang='lat' dir='ltr'><strong>Affatim</strong></span> <span class='ocrx_word' id='word_1_32' title='bbox 1566 551 1713 605; x_wconf 82' lang='lat' dir='ltr'><strong>dives</strong></span> <span class='ocrx_word' id='word_1_33' title='bbox 1741 559 1821 606; x_wconf 92' lang='lat' dir='ltr'><strong>est</strong></span> <span class='ocrx_word' id='word_1_34' title='bbox 1845 595 1860 618; x_wconf 92' lang='lat'><strong>,</strong></span> 
     </span>
    </p>
   </div>
   <div class='ocr_carea' id='block_1_6' title="bbox 281 643 1866 718">
    <p class='ocr_par' dir='ltr' id='par_1_6' title="bbox 281 643 1866 718">
     <span class='ocr_line' id='line_1_6' title="bbox 281 643 1866 718; baseline -0.003 -16"><span class='ocrx_word' id='word_1_35' title='bbox 281 652 371 718; x_wconf 82' lang='lat' dir='ltr'><strong>qui</strong></span> <span class='ocrx_word' id='word_1_36' title='bbox 401 667 524 706; x_wconf 92' lang='lat' dir='ltr'><strong>cum</strong></span> <span class='ocrx_word' id='word_1_37' title='bbox 557 651 774 706; x_wconf 93' lang='lat' dir='ltr'><strong>Christo</strong></span> <span class='ocrx_word' id='word_1_38' title='bbox 813 662 1015 718; x_wconf 90' lang='lat' dir='ltr'><strong>pauper</strong></span> <span class='ocrx_word' id='word_1_39' title='bbox 1057 654 1160 700; x_wconf 89' lang='lat' dir='ltr'><strong>cst.</strong></span> <span class='ocrx_word' id='word_1_40' title='bbox 1189 644 1417 714; x_wconf 86' lang='lat' dir='ltr'><strong>Fugiant</strong></span> <span class='ocrx_word' id='word_1_41' title='bbox 1456 659 1485 697; x_wconf 89' lang='lat' dir='ltr'><strong>a</strong></span> <span class='ocrx_word' id='word_1_42' title='bbox 1527 652 1577 697; x_wconf 92' lang='lat' dir='ltr'><strong>te</strong></span> <span class='ocrx_word' id='word_1_43' title='bbox 1606 643 1866 711; x_wconf 84' lang='lat' dir='ltr'><strong>imagines</strong></span> 
     </span>
    </p>
   </div>
   <div class='ocr_carea' id='block_1_7' title="bbox 282 737 1866 812">
    <p class='ocr_par' dir='ltr' id='par_1_7' title="bbox 282 737 1866 812">
     <span class='ocr_line' id='line_1_7' title="bbox 282 737 1866 812; baseline -0.008 -12"><span class='ocrx_word' id='word_1_44' title='bbox 282 745 759 812; x_wconf 75' lang='lat' dir='ltr'><strong>concupiscentite,</strong></span> <span class='ocrx_word' id='word_1_45' title='bbox 791 757 894 795; x_wconf 90' lang='lat' dir='ltr'><strong>non</strong></span> <span class='ocrx_word' id='word_1_46' title='bbox 923 747 1004 793; x_wconf 89' lang='lat' dir='ltr'><strong>est</strong></span> <span class='ocrx_word' id='word_1_47' title='bbox 1020 739 1162 792; x_wconf 91' lang='lat' dir='ltr'><strong>enim</strong></span> <span class='ocrx_word' id='word_1_48' title='bbox 1193 737 1385 790; x_wconf 91' lang='lat' dir='ltr'><strong>salutis</strong></span> <span class='ocrx_word' id='word_1_49' title='bbox 1409 746 1514 790; x_wconf 74' lang='lat' dir='ltr'><strong>tute</strong></span> <span class='ocrx_word' id='word_1_50' title='bbox 1543 739 1643 790; x_wconf 89' lang='lat' dir='ltr'><strong>ista</strong></span> <span class='ocrx_word' id='word_1_51' title='bbox 1671 750 1789 804; x_wconf 57' lang='lat' dir='ltr'><strong>quae</strong></span> <span class='ocrx_word' id='word_1_52' title='bbox 1815 744 1866 788; x_wconf 88' lang='lat' dir='ltr'><strong>te</strong></span> 
     </span>
    </p>
   </div>
   <div class='ocr_carea' id='block_1_8' title="bbox 283 829 1867 893">
    <p class='ocr_par' dir='ltr' id='par_1_8' title="bbox 283 829 1867 893">
     <span class='ocr_line' id='line_1_8' title="bbox 283 829 1867 893; baseline -0.006 -3"><span class='ocrx_word' id='word_1_53' title='bbox 283 836 484 891; x_wconf 79' lang='lat' dir='ltr'><strong>invasit</strong></span> <span class='ocrx_word' id='word_1_54' title='bbox 522 835 753 891; x_wconf 88' lang='lat' dir='ltr'><strong>insania.</strong></span> <span class='ocrx_word' id='word_1_55' title='bbox 785 832 1043 886; x_wconf 84' lang='lat' dir='ltr'><strong>Draconis</strong></span> <span class='ocrx_word' id='word_1_56' title='bbox 1097 830 1460 884; x_wconf 82' lang='lat' dir='ltr'><strong>habitaculum</strong></span> <span class='ocrx_word' id='word_1_57' title='bbox 1502 829 1666 893; x_wconf 89' lang='lat' dir='ltr'><strong>facta,</strong></span> <span class='ocrx_word' id='word_1_58' title='bbox 1703 842 1867 881; x_wconf 91' lang='lat' dir='ltr'><strong>vene-</strong></span> 
     </span>
    </p>
   </div>
   <div class='ocr_carea' id='block_1_9' title="bbox 282 923 1867 991">
    <p class='ocr_par' dir='ltr' id='par_1_9' title="bbox 282 923 1867 991">
     <span class='ocr_line' id='line_1_9' title="bbox 282 923 1867 991; baseline -0.003 -10"><span class='ocrx_word' id='word_1_59' title='bbox 282 946 408 983; x_wconf 89' lang='lat' dir='ltr'><strong>num</strong></span> <span class='ocrx_word' id='word_1_60' title='bbox 441 927 704 991; x_wconf 78' lang='lat' dir='ltr'><strong>effundis;</strong></span> <span class='ocrx_word' id='word_1_61' title='bbox 740 925 832 979; x_wconf 90' lang='lat' dir='ltr'><strong>sed</strong></span> <span class='ocrx_word' id='word_1_62' title='bbox 865 939 988 990; x_wconf 91' lang='lat' dir='ltr'><strong>nos,</strong></span> <span class='ocrx_word' id='word_1_63' title='bbox 1013 924 1208 978; x_wconf 86' lang='lat' dir='ltr'><strong>Christi</strong></span> <span class='ocrx_word' id='word_1_64' title='bbox 1240 925 1486 978; x_wconf 92' lang='lat' dir='ltr'><strong>invocato</strong></span> <span class='ocrx_word' id='word_1_65' title='bbox 1515 923 1749 986; x_wconf 89' lang='lat' dir='ltr'><strong>nomine,</strong></span> <span class='ocrx_word' id='word_1_66' title='bbox 1779 937 1867 976; x_wconf 83' lang='lat' dir='ltr'><strong>ve-</strong></span> 
     </span>
    </p>
   </div>
   <div class='ocr_carea' id='block_1_10' title="bbox 283 1015 1863 1081">
    <p class='ocr_par' dir='ltr' id='par_1_10' title="bbox 283 1015 1863 1081">
     <span class='ocr_line' id='line_1_10' title="bbox 283 1015 1863 1081; baseline -0.006 -5"><span class='ocrx_word' id='word_1_67' title='bbox 283 1036 544 1076; x_wconf 89' lang='lat' dir='ltr'><strong>nenortttn</strong></span> <span class='ocrx_word' id='word_1_68' title='bbox 587 1027 796 1071; x_wconf 89' lang='lat' dir='ltr'><strong>tuorutn</strong></span> <span class='ocrx_word' id='word_1_69' title='bbox 830 1019 976 1070; x_wconf 90' lang='lat' dir='ltr'><strong>virus</strong></span> <span class='ocrx_word' id='word_1_70' title='bbox 1008 1015 1280 1070; x_wconf 78' lang='lat' dir='ltr'><strong>evadimus</strong></span> <span class='ocrx_word' id='word_1_71' title='bbox 1309 1057 1324 1081; x_wconf 93' lang='lat'><strong>,</strong></span> <span class='ocrx_word' id='word_1_72' title='bbox 1356 1024 1410 1070; x_wconf 89' lang='lat' dir='ltr'><strong>et</strong></span> <span class='ocrx_word' id='word_1_73' title='bbox 1439 1015 1863 1070; x_wconf 88' lang='lat' dir='ltr'><strong>misericordiam</strong></span> 
     </span>
    </p>
   </div>
   <div class='ocr_carea' id='block_1_11' title="bbox 284 1108 842 1163">
    <p class='ocr_par' dir='ltr' id='par_1_11' title="bbox 284 1108 842 1163">
     <span class='ocr_line' id='line_1_11' title="bbox 284 1108 842 1163; baseline -0.011 0"><span class='ocrx_word' id='word_1_74' title='bbox 284 1110 498 1163; x_wconf 87' lang='lat' dir='ltr'><strong>Domini</strong></span> <span class='ocrx_word' id='word_1_75' title='bbox 524 1108 842 1160; x_wconf 80' lang='lat' dir='ltr'><strong>invenimus.</strong></span> 
     </span>
    </p>
   </div>
   <div class='ocr_carea' id='block_1_12' title="bbox 276 1192 1864 1262">
    <p class='ocr_par' dir='ltr' id='par_1_12' title="bbox 276 1192 1864 1262">
     <span class='ocr_line' id='line_1_12' title="bbox 276 1192 1864 1262; baseline -0.004 -9"><span class='ocrx_word' id='word_1_76' title='bbox 276 1243 277 1246; x_wconf 55' lang='grc' dir='ltr'><strong>η</strong></span> <span class='ocrx_word' id='word_1_77' title='bbox 359 1199 484 1253; x_wconf 76' lang='lat' dir='ltr'><strong>CAP.</strong></span> <span class='ocrx_word' id='word_1_78' title='bbox 519 1197 653 1251; x_wconf 80' lang='lat' dir='ltr'>XIII.</span> <span class='ocrx_word' id='word_1_79' title='bbox 684 1226 754 1235; x_wconf 93' lang='lat'><strong><em>—</em></strong></span> <span class='ocrx_word' id='word_1_80' title='bbox 780 1197 932 1250; x_wconf 87' lang='lat' dir='ltr'><strong>Tunc</strong></span> <span class='ocrx_word' id='word_1_81' title='bbox 971 1194 1055 1248; x_wconf 91' lang='lat' dir='ltr'><strong>illa</strong></span> <span class='ocrx_word' id='word_1_82' title='bbox 1088 1192 1415 1262; x_wconf 90' lang='lat' dir='ltr'><strong>deceptionis</strong></span> <span class='ocrx_word' id='word_1_83' title='bbox 1454 1208 1565 1246; x_wconf 75' lang='lat' dir='ltr'><strong>suze</strong></span> <span class='ocrx_word' id='word_1_84' title='bbox 1611 1193 1864 1262; x_wconf 85' lang='lat' dir='ltr'><strong>pudorem</strong></span> 
     </span>
    </p>
   </div>
   <div class='ocr_carea' id='block_1_13' title="bbox 289 1285 1867 1356">
    <p class='ocr_par' dir='ltr' id='par_1_13' title="bbox 289 1285 1867 1356">
     <span class='ocr_line' id='line_1_13' title="bbox 289 1285 1867 1356; baseline -0.003 -14"><span class='ocrx_word' id='word_1_85' title='bbox 289 1305 394 1342; x_wconf 92' lang='lat' dir='ltr'><strong>n0n</strong></span> <span class='ocrx_word' id='word_1_86' title='bbox 428 1289 627 1352; x_wconf 87' lang='lat' dir='ltr'><strong>ferens,</strong></span> <span class='ocrx_word' id='word_1_87' title='bbox 657 1302 878 1356; x_wconf 90' lang='lat' dir='ltr'><strong>sperans</strong></span> <span class='ocrx_word' id='word_1_88' title='bbox 910 1302 968 1339; x_wconf 90' lang='lat' dir='ltr'><strong>se</strong></span> <span class='ocrx_word' id='word_1_89' title='bbox 993 1287 1185 1353; x_wconf 86' lang='lat' dir='ltr'><strong>detegi,</strong></span> <span class='ocrx_word' id='word_1_90' title='bbox 1219 1285 1314 1339; x_wconf 91' lang='lat' dir='ltr'><strong>nisi</strong></span> <span class='ocrx_word' id='word_1_91' title='bbox 1342 1285 1486 1353; x_wconf 89' lang='lat' dir='ltr'><strong>prior</strong></span> <span class='ocrx_word' id='word_1_92' title='bbox 1511 1286 1623 1351; x_wconf 74' lang='lat' dir='ltr'><strong>ipsa</strong></span> <span class='ocrx_word' id='word_1_93' title='bbox 1650 1285 1867 1354; x_wconf 85' lang='lat' dir='ltr'><strong>detege-</strong></span> 
     </span>
    </p>
   </div>
   <div class='ocr_carea' id='block_1_14' title="bbox 284 1376 1861 1445">
    <p class='ocr_par' dir='ltr' id='par_1_14' title="bbox 284 1376 1861 1445">
     <span class='ocr_line' id='line_1_14' title="bbox 284 1376 1861 1445; baseline -0.003 -11"><span class='ocrx_word' id='word_1_94' title='bbox 284 1390 395 1445; x_wconf 88' lang='lat' dir='ltr'><strong>ret,</strong></span> <span class='ocrx_word' id='word_1_95' title='bbox 429 1396 640 1435; x_wconf 88' lang='lat' dir='ltr'><strong>reversa</strong></span> <span class='ocrx_word' id='word_1_96' title='bbox 676 1377 1092 1442; x_wconf 82' lang='lat' dir='ltr'><strong>Alexandriam,</strong></span> <span class='ocrx_word' id='word_1_97' title='bbox 1125 1376 1273 1430; x_wconf 91' lang='lat' dir='ltr'><strong>adire</strong></span> <span class='ocrx_word' id='word_1_98' title='bbox 1312 1377 1619 1444; x_wconf 72' lang='lat' dir='ltr'><strong>prmfectum</strong></span> <span class='ocrx_word' id='word_1_99' title='bbox 1650 1376 1861 1439; x_wconf 87' lang='lat' dir='ltr'><strong>statuit,</strong></span> 
     </span>
    </p>
   </div>
   <div class='ocr_carea' id='block_1_15' title="bbox 289 1464 1863 1534">
    <p class='ocr_par' dir='ltr' id='par_1_15' title="bbox 289 1464 1863 1534">
     <span class='ocr_line' id='line_1_15' title="bbox 289 1464 1863 1534; baseline -0.004 -10"><span class='ocrx_word' id='word_1_100' title='bbox 289 1473 390 1525; x_wconf 90' lang='lat' dir='ltr'><strong>hoc</strong></span> <span class='ocrx_word' id='word_1_101' title='bbox 416 1471 604 1525; x_wconf 85' lang='lat' dir='ltr'><strong>ordine</strong></span> <span class='ocrx_word' id='word_1_102' title='bbox 634 1469 827 1524; x_wconf 83' lang='lat' dir='ltr'><strong>d.cens</strong></span> <span class='ocrx_word' id='word_1_103' title='bbox 859 1467 1194 1521; x_wconf 88' lang='lat' dir='ltr'><strong>:Scelestum</strong></span> <span class='ocrx_word' id='word_1_104' title='bbox 1220 1466 1495 1534; x_wconf 87' lang='lat' dir='ltr'><strong>juvenem.</strong></span> <span class='ocrx_word' id='word_1_105' title='bbox 1522 1464 1863 1518; x_wconf 91' lang='lat' dir='ltr'><strong>simulantem</strong></span> 
     </span>
    </p>
   </div>
   <div class='ocr_carea' id='block_1_16' title="bbox 287 1558 1864 1629">
    <p class='ocr_par' dir='ltr' id='par_1_16' title="bbox 287 1558 1864 1629">
     <span class='ocr_line' id='line_1_16' title="bbox 287 1558 1864 1629; baseline -0.003 -13"><span class='ocrx_word' id='word_1_106' title='bbox 287 1563 642 1616; x_wconf 83' lang='lat' dir='ltr'><strong>Christianam</strong></span> <span class='ocrx_word' id='word_1_107' title='bbox 701 1560 1015 1629; x_wconf 85' lang='lat' dir='ltr'><strong>religionem</strong></span> <span class='ocrx_word' id='word_1_108' title='bbox 1067 1559 1303 1623; x_wconf 90' lang='lat' dir='ltr'><strong>incurri;</strong></span> <span class='ocrx_word' id='word_1_109' title='bbox 1345 1567 1401 1612; x_wconf 93' lang='lat' dir='ltr'><strong>et</strong></span> <span class='ocrx_word' id='word_1_110' title='bbox 1445 1558 1569 1611; x_wconf 93' lang='lat' dir='ltr'><strong>dum</strong></span> <span class='ocrx_word' id='word_1_111' title='bbox 1620 1558 1864 1612; x_wconf 91' lang='lat' dir='ltr'><strong>medendi</strong></span> 
     </span>
    </p>
   </div>
   <div class='ocr_carea' id='block_1_17' title="bbox 289 1649 1864 1724">
    <p class='ocr_par' dir='ltr' id='par_1_17' title="bbox 289 1649 1864 1724">
     <span class='ocr_line' id='line_1_17' title="bbox 289 1649 1864 1724; baseline -0.002 -18"><span class='ocrx_word' id='word_1_112' title='bbox 289 1654 479 1724; x_wconf 81' lang='lat' dir='ltr'><strong>gratia,</strong></span> <span class='ocrx_word' id='word_1_113' title='bbox 506 1669 610 1723; x_wconf 89' lang='lat' dir='ltr'><strong>qua</strong></span> <span class='ocrx_word' id='word_1_114' title='bbox 641 1653 836 1707; x_wconf 90' lang='lat' dir='ltr'><strong>dicitur</strong></span> <span class='ocrx_word' id='word_1_115' title='bbox 866 1665 1020 1719; x_wconf 89' lang='lat' dir='ltr'><strong>posse</strong></span> <span class='ocrx_word' id='word_1_116' title='bbox 1058 1649 1459 1703; x_wconf 87' lang='lat' dir='ltr'><strong>infirmitatilms</strong></span> <span class='ocrx_word' id='word_1_117' title='bbox 1492 1650 1772 1718; x_wconf 84' lang='lat' dir='ltr'><strong>prodesse,</strong></span> <span class='ocrx_word' id='word_1_118' title='bbox 1797 1650 1864 1704; x_wconf 87' lang='lat' dir='ltr'><strong>ad</strong></span> 
     </span>
    </p>
   </div>
   <div class='ocr_carea' id='block_1_18' title="bbox 290 1742 1864 1811">
    <p class='ocr_par' dir='ltr' id='par_1_18' title="bbox 290 1742 1864 1811">
     <span class='ocr_line' id='line_1_18' title="bbox 290 1742 1864 1811; baseline 0.001 -15"><span class='ocrx_word' id='word_1_119' title='bbox 290 1761 374 1798; x_wconf 91' lang='lat' dir='ltr'><strong>tnc</strong></span> <span class='ocrx_word' id='word_1_120' title='bbox 401 1748 584 1798; x_wconf 88' lang='lat' dir='ltr'><strong>venire</strong></span> <span class='ocrx_word' id='word_1_121' title='bbox 615 1744 997 1811; x_wconf 82' lang='lat' dir='ltr'><strong>permitterem,</strong></span> <span class='ocrx_word' id='word_1_122' title='bbox 1031 1756 1188 1794; x_wconf 90' lang='lat' dir='ltr'><strong>unam</strong></span> <span class='ocrx_word' id='word_1_123' title='bbox 1222 1756 1306 1794; x_wconf 92' lang='lat' dir='ltr'><strong>me</strong></span> <span class='ocrx_word' id='word_1_124' title='bbox 1332 1756 1397 1794; x_wconf 83' lang='lat' dir='ltr'><strong>ex</strong></span> <span class='ocrx_word' id='word_1_125' title='bbox 1423 1742 1526 1796; x_wconf 89' lang='lat' dir='ltr'><strong>illis</strong></span> <span class='ocrx_word' id='word_1_126' title='bbox 1553 1744 1864 1798; x_wconf 80' lang='lat' dir='ltr'><strong>existimans</strong></span> 
     </span>
    </p>
   </div>
   <div class='ocr_carea' id='block_1_19' title="bbox 1970 544 3550 616">
    <p class='ocr_par' dir='ltr' id='par_1_19' title="bbox 1970 544 3550 616">
     <span class='ocr_line' id='line_1_19' title="bbox 1970 544 3550 616; baseline 0 -16"><span class='ocrx_word' id='word_1_127' title='bbox 1970 547 2128 602; x_wconf 80' lang='lat' dir='ltr'><strong>fallax</strong></span> <span class='ocrx_word' id='word_1_128' title='bbox 2177 547 2326 603; x_wconf 86' lang='lat' dir='ltr'><strong>testis</strong></span> <span class='ocrx_word' id='word_1_129' title='bbox 2370 547 2502 602; x_wconf 85' lang='lat' dir='ltr'><strong>nihil</strong></span> <span class='ocrx_word' id='word_1_130' title='bbox 2557 547 2788 616; x_wconf 86' lang='lat' dir='ltr'><strong>patiatur</strong></span> <span class='ocrx_word' id='word_1_131' title='bbox 2835 544 2984 611; x_wconf 90' lang='lat' dir='ltr'><strong>mali,</strong></span> <span class='ocrx_word' id='word_1_132' title='bbox 3019 559 3163 598; x_wconf 89' lang='lat' dir='ltr'><strong>nunc</strong></span> <span class='ocrx_word' id='word_1_133' title='bbox 3206 545 3550 613; x_wconf 85' lang='lat' dir='ltr'><strong>probabimus</strong></span> 
     </span>
    </p>
   </div>
   <div class='ocr_carea' id='block_1_20' title="bbox 1968 634 3340 709">
    <p class='ocr_par' dir='ltr' id='par_1_20' title="bbox 1968 634 3340 709">
     <span class='ocr_line' id='line_1_20' title="bbox 1968 634 3340 709; baseline -0.005 -16"><span class='ocrx_word' id='word_1_134' title='bbox 1968 640 2171 693; x_wconf 86' lang='lat' dir='ltr'><strong>crimen</strong></span> <span class='ocrx_word' id='word_1_135' title='bbox 2200 638 2339 709; x_wconf 89' lang='lat' dir='ltr'><strong>quod</strong></span> <span class='ocrx_word' id='word_1_136' title='bbox 2368 638 2524 692; x_wconf 92' lang='lat' dir='ltr'><strong>nobis</strong></span> <span class='ocrx_word' id='word_1_137' title='bbox 2553 636 2757 708; x_wconf 82' lang='lat' dir='ltr'><strong>objicit,</strong></span> <span class='ocrx_word' id='word_1_138' title='bbox 2787 635 3090 692; x_wconf 83' lang='lat' dir='ltr'><strong>redundare</strong></span> <span class='ocrx_word' id='word_1_139' title='bbox 3119 634 3173 688; x_wconf 91' lang='lat' dir='ltr'><strong>in</strong></span> <span class='ocrx_word' id='word_1_140' title='bbox 3201 650 3340 688; x_wconf 87' lang='lat' dir='ltr'><strong>eam.</strong></span> 
     </span>
    </p>
   </div>
   <div class='ocr_carea' id='block_1_21' title="bbox 2039 767 3544 839">
    <p class='ocr_par' dir='ltr' id='par_1_21' title="bbox 2039 767 3544 839">
     <span class='ocr_line' id='line_1_21' title="bbox 2039 767 3544 839; baseline -0.005 -13"><span class='ocrx_word' id='word_1_141' title='bbox 2039 774 2106 826; x_wconf 81' lang='lat' dir='ltr'><strong>At</strong></span> <span class='ocrx_word' id='word_1_142' title='bbox 2133 773 2221 826; x_wconf 90' lang='lat' dir='ltr'><strong>ubi</strong></span> <span class='ocrx_word' id='word_1_143' title='bbox 2259 779 2479 826; x_wconf 90' lang='lat' dir='ltr'><strong>testatus</strong></span> <span class='ocrx_word' id='word_1_144' title='bbox 2518 778 2599 825; x_wconf 89' lang='lat' dir='ltr'><strong>est</strong></span> <span class='ocrx_word' id='word_1_145' title='bbox 2639 784 2734 839; x_wconf 89' lang='lat' dir='ltr'><strong>per</strong></span> <span class='ocrx_word' id='word_1_146' title='bbox 2765 768 3061 837; x_wconf 88' lang='lat' dir='ltr'><strong>principum</strong></span> <span class='ocrx_word' id='word_1_147' title='bbox 3093 767 3319 821; x_wconf 89' lang='lat' dir='ltr'><strong>salutem</strong></span> <span class='ocrx_word' id='word_1_148' title='bbox 3354 767 3544 833; x_wconf 68' lang='lat' dir='ltr'><strong>prmfe-</strong></span> 
     </span>
    </p>
   </div>
   <div class='ocr_carea' id='block_1_22' title="bbox 1967 857 3550 930">
    <p class='ocr_par' dir='ltr' id='par_1_22' title="bbox 1967 857 3550 930">
     <span class='ocr_line' id='line_1_22' title="bbox 1967 857 3550 930; baseline -0.007 -13"><span class='ocrx_word' id='word_1_149' title='bbox 1967 873 2104 928; x_wconf 78' lang='lat' dir='ltr'><strong>Ctus,</strong></span> <span class='ocrx_word' id='word_1_150' title='bbox 2140 862 2454 930; x_wconf 84' lang='lat' dir='ltr'><strong>promittens</strong></span> <span class='ocrx_word' id='word_1_151' title='bbox 2481 861 2546 913; x_wconf 92' lang='lat' dir='ltr'><strong>ad</strong></span> <span class='ocrx_word' id='word_1_152' title='bbox 2576 859 2754 914; x_wconf 90' lang='lat' dir='ltr'><strong>omnia</strong></span> <span class='ocrx_word' id='word_1_153' title='bbox 2790 874 2908 927; x_wconf 67' lang='lat' dir='ltr'><strong>quae</strong></span> <span class='ocrx_word' id='word_1_154' title='bbox 2933 857 3231 927; x_wconf 77' lang='lat' dir='ltr'><strong>postulabat</strong></span> <span class='ocrx_word' id='word_1_155' title='bbox 3276 857 3550 921; x_wconf 78' lang='lat' dir='ltr'><strong>effectum,</strong></span> 
     </span>
    </p>
   </div>
   <div class='ocr_carea' id='block_1_23' title="bbox 1967 951 3546 1026">
    <p class='ocr_par' dir='ltr' id='par_1_23' title="bbox 1967 951 3546 1026">
     <span class='ocr_line' id='line_1_23' title="bbox 1967 951 3546 1026; baseline -0.006 -14"><span class='ocrx_word' id='word_1_156' title='bbox 1967 958 2101 1013; x_wconf 82' lang='lat' dir='ltr'><strong>dixit</strong></span> <span class='ocrx_word' id='word_1_157' title='bbox 2125 957 2359 1026; x_wconf 82' lang='lat' dir='ltr'><strong>Eugenia</strong></span> <span class='ocrx_word' id='word_1_158' title='bbox 2391 955 2474 1009; x_wconf 91' lang='lat'><strong>:0</strong></span> <span class='ocrx_word' id='word_1_159' title='bbox 2503 954 2784 1008; x_wconf 85' lang='lat' dir='ltr'><strong>Melanthia</strong></span> <span class='ocrx_word' id='word_1_160' title='bbox 2819 951 3109 1020; x_wconf 85' lang='lat' dir='ltr'><strong>nigredinis</strong></span> <span class='ocrx_word' id='word_1_161' title='bbox 3141 965 3359 1013; x_wconf 88' lang='lat' dir='ltr'><strong>nomen,</strong></span> <span class='ocrx_word' id='word_1_162' title='bbox 3389 957 3444 1003; x_wconf 90' lang='lat' dir='ltr'><strong>et</strong></span> <span class='ocrx_word' id='word_1_163' title='bbox 3467 958 3546 1002; x_wconf 80' lang='lat' dir='ltr'><strong>te-</strong></span> 
     </span>
    </p>
   </div>
   <div class='ocr_carea' id='block_1_24' title="bbox 1971 1041 3551 1115">
    <p class='ocr_par' dir='ltr' id='par_1_24' title="bbox 1971 1041 3551 1115">
     <span class='ocr_line' id='line_1_24' title="bbox 1971 1041 3551 1115; baseline -0.007 -12"><span class='ocrx_word' id='word_1_164' title='bbox 1971 1051 2198 1104; x_wconf 85' lang='lat' dir='ltr'><strong>nchrosa</strong></span> <span class='ocrx_word' id='word_1_165' title='bbox 2223 1047 2529 1113; x_wconf 75' lang='lat' dir='ltr'><strong>Melanthia,</strong></span> <span class='ocrx_word' id='word_1_166' title='bbox 2554 1046 2807 1115; x_wconf 78' lang='lat' dir='ltr'><strong>applicari</strong></span> <span class='ocrx_word' id='word_1_167' title='bbox 2839 1043 3008 1098; x_wconf 88' lang='lat' dir='ltr'><strong>fecisti</strong></span> <span class='ocrx_word' id='word_1_168' title='bbox 3032 1043 3266 1106; x_wconf 85' lang='lat' dir='ltr'><strong>aculeos,</strong></span> <span class='ocrx_word' id='word_1_169' title='bbox 3291 1041 3551 1108; x_wconf 86' lang='lat' dir='ltr'><strong>suspendi</strong></span> 
     </span>
    </p>
   </div>
   <div class='ocr_carea' id='block_1_25' title="bbox 1971 1130 3551 1208">
    <p class='ocr_par' dir='ltr' id='par_1_25' title="bbox 1971 1130 3551 1208">
     <span class='ocr_line' id='line_1_25' title="bbox 1971 1130 3551 1208; baseline -0.005 -18"><span class='ocrx_word' id='word_1_170' title='bbox 1971 1139 2215 1208; x_wconf 74' lang='lat' dir='ltr'><strong>prmcipis</strong></span> <span class='ocrx_word' id='word_1_171' title='bbox 2275 1138 2630 1192; x_wconf 85' lang='lat' dir='ltr'><strong>Christianos.</strong></span> <span class='ocrx_word' id='word_1_172' title='bbox 2688 1136 2930 1198; x_wconf 85' lang='lat' dir='ltr'><strong>Damna,</strong></span> <span class='ocrx_word' id='word_1_173' title='bbox 2990 1141 3230 1201; x_wconf 88' lang='lat' dir='ltr'><strong>percute,</strong></span> <span class='ocrx_word' id='word_1_174' title='bbox 3289 1130 3551 1194; x_wconf 84' lang='lat' dir='ltr'><strong>incende,</strong></span> 
     </span>
    </p>
   </div>
   <div class='ocr_carea' id='block_1_26' title="bbox 1971 1220 3559 1294">
    <p class='ocr_par' dir='ltr' id='par_1_26' title="bbox 1971 1220 3559 1294">
     <span class='ocr_line' id='line_1_26' title="bbox 1971 1220 3559 1294; baseline -0.007 -11"><span class='ocrx_word' id='word_1_175' title='bbox 1971 1230 2107 1283; x_wconf 85' lang='lat' dir='ltr'><strong>bene</strong></span> <span class='ocrx_word' id='word_1_176' title='bbox 2146 1244 2250 1283; x_wconf 87' lang='lat' dir='ltr'><strong>nos</strong></span> <span class='ocrx_word' id='word_1_177' title='bbox 2291 1228 2524 1294; x_wconf 89' lang='lat' dir='ltr'><strong>accipis;</strong></span> <span class='ocrx_word' id='word_1_178' title='bbox 2583 1241 2686 1280; x_wconf 90' lang='lat' dir='ltr'><strong>non</strong></span> <span class='ocrx_word' id='word_1_179' title='bbox 2728 1235 2903 1279; x_wconf 87' lang='lat' dir='ltr'><strong>tamen</strong></span> <span class='ocrx_word' id='word_1_180' title='bbox 2954 1222 3084 1276; x_wconf 87' lang='lat' dir='ltr'><strong>tales</strong></span> <span class='ocrx_word' id='word_1_181' title='bbox 3132 1222 3287 1274; x_wconf 88' lang='lat' dir='ltr'><strong>habet</strong></span> <span class='ocrx_word' id='word_1_182' title='bbox 3331 1220 3559 1273; x_wconf 83' lang='lat' dir='ltr'><strong>famulos</strong></span> 
     </span>
    </p>
   </div>
   <div class='ocr_carea' id='block_1_27' title="bbox 1969 1311 3557 1388">
    <p class='ocr_par' dir='ltr' id='par_1_27' title="bbox 1969 1311 3557 1388">
     <span class='ocr_line' id='line_1_27' title="bbox 1969 1311 3557 1388; baseline -0.006 -16"><span class='ocrx_word' id='word_1_183' title='bbox 1969 1320 2233 1383; x_wconf 87' lang='lat' dir='ltr'><strong>Christus,</strong></span> <span class='ocrx_word' id='word_1_184' title='bbox 2263 1321 2451 1388; x_wconf 89' lang='lat' dir='ltr'><strong>quales</strong></span> <span class='ocrx_word' id='word_1_185' title='bbox 2490 1329 2542 1372; x_wconf 88' lang='lat' dir='ltr'><strong>ttt</strong></span> <span class='ocrx_word' id='word_1_186' title='bbox 2589 1317 2820 1370; x_wconf 85' lang='lat' dir='ltr'><strong>testaris.</strong></span> <span class='ocrx_word' id='word_1_187' title='bbox 2853 1315 3053 1367; x_wconf 87' lang='lat' dir='ltr'><strong>Tamen</strong></span> <span class='ocrx_word' id='word_1_188' title='bbox 3085 1312 3278 1365; x_wconf 89' lang='lat' dir='ltr'><strong>adduci</strong></span> <span class='ocrx_word' id='word_1_189' title='bbox 3329 1311 3557 1378; x_wconf 80' lang='lat' dir='ltr'><strong>pr.ccipe</strong></span> 
     </span>
    </p>
   </div>
   <div class='ocr_carea' id='block_1_28' title="bbox 1969 1403 3552 1480">
    <p class='ocr_par' dir='ltr' id='par_1_28' title="bbox 1969 1403 3552 1480">
     <span class='ocr_line' id='line_1_28' title="bbox 1969 1403 3552 1480; baseline -0.008 -14"><span class='ocrx_word' id='word_1_190' title='bbox 1969 1414 2238 1476; x_wconf 86' lang='lat' dir='ltr'><strong>ancillam,</strong></span> <span class='ocrx_word' id='word_1_191' title='bbox 2268 1428 2424 1480; x_wconf 86' lang='lat' dir='ltr'><strong>quam</strong></span> <span class='ocrx_word' id='word_1_192' title='bbox 2454 1419 2638 1464; x_wconf 88' lang='lat' dir='ltr'><strong>testem</strong></span> <span class='ocrx_word' id='word_1_193' title='bbox 2667 1408 2832 1462; x_wconf 85' lang='lat' dir='ltr'><strong>nestri</strong></span> <span class='ocrx_word' id='word_1_194' title='bbox 2863 1406 3103 1460; x_wconf 88' lang='lat' dir='ltr'><strong>criminis</strong></span> <span class='ocrx_word' id='word_1_195' title='bbox 3124 1419 3244 1458; x_wconf 88' lang='lat' dir='ltr'><strong>esse</strong></span> <span class='ocrx_word' id='word_1_196' title='bbox 3268 1403 3465 1464; x_wconf 77' lang='lat' dir='ltr'><strong>dixisti,</strong></span> <span class='ocrx_word' id='word_1_197' title='bbox 3494 1409 3552 1455; x_wconf 89' lang='lat' dir='ltr'><strong>ut</strong></span> 
     </span>
    </p>
   </div>
   <div class='ocr_carea' id='block_1_29' title="bbox 1969 1493 3556 1572">
    <p class='ocr_par' dir='ltr' id='par_1_29' title="bbox 1969 1493 3556 1572">
     <span class='ocr_line' id='line_1_29' title="bbox 1969 1493 3556 1572; baseline -0.011 -15"><span class='ocrx_word' id='word_1_198' title='bbox 1969 1519 2032 1557; x_wconf 79' lang='lat' dir='ltr'><strong>ex</strong></span> <span class='ocrx_word' id='word_1_199' title='bbox 2057 1517 2150 1558; x_wconf 91' lang='lat' dir='ltr'><strong>ore</strong></span> <span class='ocrx_word' id='word_1_200' title='bbox 2181 1503 2296 1572; x_wconf 90' lang='lat' dir='ltr'><strong>ejus</strong></span> <span class='ocrx_word' id='word_1_201' title='bbox 2322 1503 2489 1570; x_wconf 88' lang='lat' dir='ltr'><strong>possit</strong></span> <span class='ocrx_word' id='word_1_202' title='bbox 2509 1499 2767 1553; x_wconf 86' lang='lat' dir='ltr'><strong>denudari</strong></span> <span class='ocrx_word' id='word_1_203' title='bbox 2805 1495 3162 1549; x_wconf 89' lang='lat' dir='ltr'><strong>mendacium.</strong></span> <span class='ocrx_word' id='word_1_204' title='bbox 3196 1493 3433 1558; x_wconf 89' lang='lat' dir='ltr'><strong>Cumque</strong></span> <span class='ocrx_word' id='word_1_205' title='bbox 3460 1505 3556 1556; x_wconf 88' lang='lat' dir='ltr'><strong>ap-</strong></span> 
     </span>
    </p>
   </div>
   <div class='ocr_carea' id='block_1_30' title="bbox 1969 1583 3556 1664">
    <p class='ocr_par' dir='ltr' id='par_1_30' title="bbox 1969 1583 3556 1664">
     <span class='ocr_line' id='line_1_30' title="bbox 1969 1583 3556 1664; baseline -0.008 -18"><span class='ocrx_word' id='word_1_206' title='bbox 1969 1597 2157 1664; x_wconf 89' lang='lat' dir='ltr'><strong>plicata</strong></span> <span class='ocrx_word' id='word_1_207' title='bbox 2206 1595 2393 1648; x_wconf 89' lang='lat' dir='ltr'><strong>fuisset</strong></span> <span class='ocrx_word' id='word_1_208' title='bbox 2440 1593 2491 1645; x_wconf 91' lang='lat' dir='ltr'><strong>in</strong></span> <span class='ocrx_word' id='word_1_209' title='bbox 2521 1598 2811 1658; x_wconf 92' lang='lat' dir='ltr'><strong>conspectu</strong></span> <span class='ocrx_word' id='word_1_210' title='bbox 2865 1586 3086 1655; x_wconf 89' lang='lat' dir='ltr'><strong>judicis,</strong></span> <span class='ocrx_word' id='word_1_211' title='bbox 3121 1584 3281 1651; x_wconf 75' lang='lat' dir='ltr'><strong>cmpit</strong></span> <span class='ocrx_word' id='word_1_212' title='bbox 3333 1583 3556 1636; x_wconf 86' lang='lat' dir='ltr'><strong>dicere:</strong></span> 
     </span>
    </p>
   </div>
   <div class='ocr_carea' id='block_1_31' title="bbox 1969 1670 3558 1753">
    <p class='ocr_par' dir='ltr' id='par_1_31' title="bbox 1969 1670 3558 1753">
     <span class='ocr_line' id='line_1_31' title="bbox 1969 1670 3558 1753; baseline -0.01 -15"><span class='ocrx_word' id='word_1_213' title='bbox 1969 1685 2133 1739; x_wconf 91' lang='lat' dir='ltr'><strong>Istum</strong></span> <span class='ocrx_word' id='word_1_214' title='bbox 2172 1685 2424 1753; x_wconf 84' lang='lat' dir='ltr'><strong>juvenem</strong></span> <span class='ocrx_word' id='word_1_215' title='bbox 2458 1677 2957 1750; x_wconf 87' lang='lat' dir='ltr'><strong>impudicissimum,</strong></span> <span class='ocrx_word' id='word_1_216' title='bbox 3009 1675 3314 1742; x_wconf 89' lang='lat' dir='ltr'><strong>frequenter</strong></span> <span class='ocrx_word' id='word_1_217' title='bbox 3342 1670 3558 1737; x_wconf 89' lang='lat' dir='ltr'><strong>quidem</strong></span> 
     </span>
    </p>
   </div>
   <div class='ocr_carea' id='block_1_32' title="bbox 1971 1760 3560 1842">
    <p class='ocr_par' dir='ltr' id='par_1_32' title="bbox 1971 1760 3560 1842">
     <span class='ocr_line' id='line_1_32' title="bbox 1971 1760 3560 1842; baseline -0.013 -12"><span class='ocrx_word' id='word_1_218' title='bbox 1971 1779 2111 1831; x_wconf 91' lang='lat' dir='ltr'><strong>circa</strong></span> <span class='ocrx_word' id='word_1_219' title='bbox 2143 1776 2270 1830; x_wconf 86' lang='lat' dir='ltr'><strong>viles</strong></span> <span class='ocrx_word' id='word_1_220' title='bbox 2299 1787 2554 1842; x_wconf 87' lang='lat' dir='ltr'><strong>personas</strong></span> <span class='ocrx_word' id='word_1_221' title='bbox 2584 1772 2852 1825; x_wconf 90' lang='lat' dir='ltr'><strong>detectum</strong></span> <span class='ocrx_word' id='word_1_222' title='bbox 2894 1767 2948 1820; x_wconf 92' lang='lat' dir='ltr'><strong>in</strong></span> <span class='ocrx_word' id='word_1_223' title='bbox 2980 1763 3274 1826; x_wconf 88' lang='lat' dir='ltr'><strong>adulteriis,</strong></span> <span class='ocrx_word' id='word_1_224' title='bbox 3319 1760 3430 1828; x_wconf 89' lang='lat' dir='ltr'><strong>ipsa</strong></span> <span class='ocrx_word' id='word_1_225' title='bbox 3459 1760 3560 1811; x_wconf 84' lang='lat' dir='ltr'><strong>int-</strong></span> 
     </span>
    </p>
   </div>
   <div class='ocr_carea' id='block_1_33' title="bbox 287 1833 3561 1936">
    <p class='ocr_par' dir='ltr' id='par_1_33' title="bbox 287 1833 3561 1936">
     <span class='ocr_line' id='line_1_33' title="bbox 287 1833 3561 1936; baseline -0.009 -2"><span class='ocrx_word' id='word_1_226' title='bbox 287 1840 355 1936; x_wconf 37' lang='grc' dir='ltr'><strong>δέ</strong></span> <span class='ocrx_word' id='word_1_227' title='bbox 380 1852 601 1936; x_wconf 48' lang='lat' dir='ltr'><strong>“imm</strong></span> <span class='ocrx_word' id='word_1_228' title='bbox 649 1836 851 1936; x_wconf 66' lang='lat' dir='ltr'><strong>P“d_°.&quot;e</strong></span> <span class='ocrx_word' id='word_1_229' title='bbox 892 1835 1200 1936; x_wconf 43' lang='grc' dir='ltr'><strong>δπθιῖῗωδ</strong></span> <span class='ocrx_word' id='word_1_230' title='bbox 1229 1848 1389 1936; x_wconf 31' lang='lat' dir='ltr'><strong>ins&quot;?</strong></span> <span class='ocrx_word' id='word_1_231' title='bbox 1420 1845 1500 1888; x_wconf 69' lang='lat' dir='ltr'><strong>es&quot;</strong></span> <span class='ocrx_word' id='word_1_232' title='bbox 1529 1835 1867 1918; x_wconf 60' lang='lat' dir='ltr'><strong>impudem‘.”</strong></span> <span class='ocrx_word' id='word_1_233' title='bbox 1902 1833 1944 1890; x_wconf 70' lang='grc' dir='ltr'><strong>Β</strong></span> <span class='ocrx_word' id='word_1_234' title='bbox 1975 1867 2186 1936; x_wconf 91' lang='lat' dir='ltr'><strong>punitas</strong></span> <span class='ocrx_word' id='word_1_235' title='bbox 2215 1865 2279 1918; x_wconf 91' lang='lat' dir='ltr'><strong>ad</strong></span> <span class='ocrx_word' id='word_1_236' title='bbox 2301 1833 2414 1917; x_wconf 44' lang='lat' dir='ltr'><strong>Ihoc</strong></span> <span class='ocrx_word' id='word_1_237' title='bbox 2437 1877 2559 1917; x_wconf 88' lang='lat' dir='ltr'><strong>eum</strong></span> <span class='ocrx_word' id='word_1_238' title='bbox 2589 1861 2856 1930; x_wconf 78' lang='lat' dir='ltr'><strong>perduxit,</strong></span> <span class='ocrx_word' id='word_1_239' title='bbox 2896 1866 2954 1910; x_wconf 91' lang='lat' dir='ltr'><strong>ut</strong></span> <span class='ocrx_word' id='word_1_240' title='bbox 2981 1857 3139 1910; x_wconf 89' lang='lat' dir='ltr'><strong>etiam</strong></span> <span class='ocrx_word' id='word_1_241' title='bbox 3164 1853 3394 1908; x_wconf 71' lang='lat' dir='ltr'><strong>domina:</strong></span> <span class='ocrx_word' id='word_1_242' title='bbox 3425 1864 3561 1904; x_wconf 67' lang='lat' dir='ltr'><strong>mea</strong></span> 
     </span>
    </p>
   </div>
   <div class='ocr_carea' id='block_1_34' title="bbox 288 1923 1866 1995">
    <p class='ocr_par' dir='ltr' id='par_1_34' title="bbox 288 1923 1866 1995">
     <span class='ocr_line' id='line_1_34' title="bbox 288 1923 1866 1995; baseline 0 -17"><span class='ocrx_word' id='word_1_243' title='bbox 288 1927 486 1995; x_wconf 84' lang='lat' dir='ltr'><strong>alloqui</strong></span> <span class='ocrx_word' id='word_1_244' title='bbox 511 1965 526 1990; x_wconf 92' lang='lat'><strong>,</strong></span> <span class='ocrx_word' id='word_1_245' title='bbox 565 1936 619 1981; x_wconf 93' lang='lat' dir='ltr'><strong>et</strong></span> <span class='ocrx_word' id='word_1_246' title='bbox 647 1925 824 1980; x_wconf 88' lang='lat' dir='ltr'><strong>verbis</strong></span> <span class='ocrx_word' id='word_1_247' title='bbox 853 1923 1164 1993; x_wconf 90' lang='lat' dir='ltr'><strong>procacibus</strong></span> <span class='ocrx_word' id='word_1_248' title='bbox 1193 1925 1258 1976; x_wconf 91' lang='lat' dir='ltr'><strong>ad</strong></span> <span class='ocrx_word' id='word_1_249' title='bbox 1297 1924 1502 1978; x_wconf 91' lang='lat' dir='ltr'><strong>crimen</strong></span> <span class='ocrx_word' id='word_1_250' title='bbox 1546 1925 1781 1989; x_wconf 91' lang='lat' dir='ltr'><strong>hortari;</strong></span> <span class='ocrx_word' id='word_1_251' title='bbox 1812 1933 1866 1978; x_wconf 92' lang='lat' dir='ltr'><strong>et</strong></span> 
     </span>
    </p>
   </div>
   <div class='ocr_carea' id='block_1_35' title="bbox 288 2014 1869 2083">
    <p class='ocr_par' dir='ltr' id='par_1_35' title="bbox 288 2014 1869 2083">
     <span class='ocr_line' id='line_1_35' title="bbox 288 2014 1869 2083; baseline -0.003 -11"><span class='ocrx_word' id='word_1_252' title='bbox 288 2020 393 2072; x_wconf 86' lang='lat' dir='ltr'><strong>nisi</strong></span> <span class='ocrx_word' id='word_1_253' title='bbox 439 2020 706 2073; x_wconf 84' lang='lat' dir='ltr'><strong>dedissem</strong></span> <span class='ocrx_word' id='word_1_254' title='bbox 755 2032 938 2070; x_wconf 89' lang='lat' dir='ltr'><strong>vocem</strong></span> <span class='ocrx_word' id='word_1_255' title='bbox 992 2016 1046 2069; x_wconf 92' lang='lat' dir='ltr'><strong>in</strong></span> <span class='ocrx_word' id='word_1_256' title='bbox 1094 2015 1388 2083; x_wconf 61' lang='lat' dir='ltr'><strong>praesenti,</strong></span> <span class='ocrx_word' id='word_1_257' title='bbox 1424 2023 1481 2069; x_wconf 91' lang='lat' dir='ltr'><strong>et</strong></span> <span class='ocrx_word' id='word_1_258' title='bbox 1503 2014 1709 2069; x_wconf 62' lang='lat' dir='ltr'><strong>ancilla:</strong></span> <span class='ocrx_word' id='word_1_259' title='bbox 1733 2029 1869 2068; x_wconf 72' lang='lat' dir='ltr'><strong>mea:</strong></span> 
     </span>
    </p>
   </div>
   <div class='ocr_carea' id='block_1_36' title="bbox 293 2105 1870 2170">
    <p class='ocr_par' dir='ltr' id='par_1_36' title="bbox 293 2105 1870 2170">
     <span class='ocr_line' id='line_1_36' title="bbox 293 2105 1870 2170; baseline -0.001 -10"><span class='ocrx_word' id='word_1_260' title='bbox 293 2109 510 2162; x_wconf 89' lang='lat' dir='ltr'><strong>fuissem</strong></span> <span class='ocrx_word' id='word_1_261' title='bbox 542 2109 762 2162; x_wconf 89' lang='lat' dir='ltr'><strong>liberata</strong></span> <span class='ocrx_word' id='word_1_262' title='bbox 796 2107 984 2160; x_wconf 84' lang='lat' dir='ltr'><strong>solatio</strong></span> <span class='ocrx_word' id='word_1_263' title='bbox 1004 2145 1019 2170; x_wconf 95' lang='lat'><strong>,</strong></span> <span class='ocrx_word' id='word_1_264' title='bbox 1052 2121 1204 2159; x_wconf 91' lang='lat' dir='ltr'><strong>more</strong></span> <span class='ocrx_word' id='word_1_265' title='bbox 1233 2105 1518 2159; x_wconf 89' lang='lat' dir='ltr'><strong>barbarico</strong></span> <span class='ocrx_word' id='word_1_266' title='bbox 1554 2120 1663 2159; x_wconf 78' lang='lat' dir='ltr'><strong>sate</strong></span> <span class='ocrx_word' id='word_1_267' title='bbox 1693 2120 1778 2159; x_wconf 91' lang='lat' dir='ltr'><strong>me</strong></span> <span class='ocrx_word' id='word_1_268' title='bbox 1809 2105 1870 2157; x_wconf 89' lang='lat' dir='ltr'><strong>li-</strong></span> 
     </span>
    </p>
   </div>
   <div class='ocr_carea' id='block_1_37' title="bbox 293 2194 1872 2267">
    <p class='ocr_par' dir='ltr' id='par_1_37' title="bbox 293 2194 1872 2267">
     <span class='ocr_line' id='line_1_37' title="bbox 293 2194 1872 2267; baseline -0.001 -17"><span class='ocrx_word' id='word_1_269' title='bbox 293 2199 460 2252; x_wconf 90' lang='lat' dir='ltr'><strong>bidini</strong></span> <span class='ocrx_word' id='word_1_270' title='bbox 488 2199 830 2267; x_wconf 88' lang='lat' dir='ltr'><strong>captivasset.</strong></span> <span class='ocrx_word' id='word_1_271' title='bbox 864 2196 1096 2250; x_wconf 86' lang='lat' dir='ltr'><strong>Audiens</strong></span> <span class='ocrx_word' id='word_1_272' title='bbox 1123 2195 1238 2250; x_wconf 63' lang='lat' dir='ltr'><strong>haec</strong></span> <span class='ocrx_word' id='word_1_273' title='bbox 1262 2194 1542 2263; x_wconf 79' lang='lat' dir='ltr'><strong>praefectus</strong></span> <span class='ocrx_word' id='word_1_274' title='bbox 1560 2233 1577 2261; x_wconf 90' lang='lat'><strong>,</strong></span> <span class='ocrx_word' id='word_1_275' title='bbox 1602 2195 1770 2250; x_wconf 87' lang='lat' dir='ltr'><strong>nimio</strong></span> <span class='ocrx_word' id='word_1_276' title='bbox 1793 2197 1872 2249; x_wconf 84' lang='lat' dir='ltr'><strong>fu-</strong></span> 
     </span>
    </p>
   </div>
   <div class='ocr_carea' id='block_1_38' title="bbox 293 2286 1872 2357">
    <p class='ocr_par' dir='ltr' id='par_1_38' title="bbox 293 2286 1872 2357">
     <span class='ocr_line' id='line_1_38' title="bbox 293 2286 1872 2357; baseline -0.001 -16"><span class='ocrx_word' id='word_1_277' title='bbox 293 2305 416 2343; x_wconf 89' lang='lat' dir='ltr'><strong>rore</strong></span> <span class='ocrx_word' id='word_1_278' title='bbox 458 2291 842 2354; x_wconf 87' lang='lat' dir='ltr'><strong>inflammatur,</strong></span> <span class='ocrx_word' id='word_1_279' title='bbox 874 2297 927 2343; x_wconf 93' lang='lat' dir='ltr'><strong>et</strong></span> <span class='ocrx_word' id='word_1_280' title='bbox 953 2287 1104 2357; x_wconf 83' lang='lat' dir='ltr'><strong>jubet</strong></span> <span class='ocrx_word' id='word_1_281' title='bbox 1133 2287 1198 2340; x_wconf 91' lang='lat' dir='ltr'><strong>ad</strong></span> <span class='ocrx_word' id='word_1_282' title='bbox 1225 2287 1339 2341; x_wconf 89' lang='lat' dir='ltr'><strong>loca</strong></span> <span class='ocrx_word' id='word_1_283' title='bbox 1371 2286 1679 2341; x_wconf 87' lang='lat' dir='ltr'><strong>monasterii</strong></span> <span class='ocrx_word' id='word_1_284' title='bbox 1710 2287 1872 2340; x_wconf 89' lang='lat' dir='ltr'><strong>desti-</strong></span> 
     </span>
    </p>
   </div>
   <div class='ocr_carea' id='block_1_39' title="bbox 291 2376 1870 2447">
    <p class='ocr_par' dir='ltr' id='par_1_39' title="bbox 291 2376 1870 2447">
     <span class='ocr_line' id='line_1_39' title="bbox 291 2376 1870 2447; baseline -0.003 -15"><span class='ocrx_word' id='word_1_285' title='bbox 291 2383 408 2432; x_wconf 89' lang='lat' dir='ltr'><strong>nari</strong></span> <span class='ocrx_word' id='word_1_286' title='bbox 435 2418 450 2443; x_wconf 89' lang='lat'><strong>,</strong></span> <span class='ocrx_word' id='word_1_287' title='bbox 483 2379 570 2447; x_wconf 91' lang='lat' dir='ltr'><strong>qtti</strong></span> <span class='ocrx_word' id='word_1_288' title='bbox 601 2393 721 2432; x_wconf 92' lang='lat' dir='ltr'><strong>eum</strong></span> <span class='ocrx_word' id='word_1_289' title='bbox 757 2379 987 2431; x_wconf 90' lang='lat' dir='ltr'><strong>vinctum</strong></span> <span class='ocrx_word' id='word_1_290' title='bbox 1020 2377 1161 2430; x_wconf 88' lang='lat' dir='ltr'><strong>ferro</strong></span> <span class='ocrx_word' id='word_1_291' title='bbox 1191 2391 1313 2429; x_wconf 92' lang='lat' dir='ltr'><strong>cum</strong></span> <span class='ocrx_word' id='word_1_292' title='bbox 1343 2376 1591 2429; x_wconf 90' lang='lat' dir='ltr'><strong>omnibus</strong></span> <span class='ocrx_word' id='word_1_293' title='bbox 1626 2389 1870 2428; x_wconf 91' lang='lat' dir='ltr'><strong>commo-</strong></span> 
     </span>
    </p>
   </div>
   <div class='ocr_carea' id='block_1_40' title="bbox 293 2466 1871 2536">
    <p class='ocr_par' dir='ltr' id='par_1_40' title="bbox 293 2466 1871 2536">
     <span class='ocr_line' id='line_1_40' title="bbox 293 2466 1871 2536; baseline -0.002 -15"><span class='ocrx_word' id='word_1_294' title='bbox 293 2470 541 2522; x_wconf 88' lang='lat' dir='ltr'><strong>rantibus</strong></span> <span class='ocrx_word' id='word_1_295' title='bbox 591 2469 946 2536; x_wconf 87' lang='lat' dir='ltr'><strong>deponerent.</strong></span> <span class='ocrx_word' id='word_1_296' title='bbox 997 2467 1347 2536; x_wconf 89' lang='lat' dir='ltr'><strong>Dcponuntur</strong></span> <span class='ocrx_word' id='word_1_297' title='bbox 1391 2466 1569 2532; x_wconf 85' lang='lat' dir='ltr'><strong>itaque</strong></span> <span class='ocrx_word' id='word_1_298' title='bbox 1600 2479 1788 2520; x_wconf 88' lang='lat' dir='ltr'><strong>omnes</strong></span> <span class='ocrx_word' id='word_1_299' title='bbox 1822 2467 1871 2519; x_wconf 90' lang='lat' dir='ltr'><strong>in</strong></span> 
     </span>
    </p>
   </div>
   <div class='ocr_carea' id='block_1_41' title="bbox 292 2556 1872 2626">
    <p class='ocr_par' dir='ltr' id='par_1_41' title="bbox 292 2556 1872 2626">
     <span class='ocr_line' id='line_1_41' title="bbox 292 2556 1872 2626; baseline -0.003 -14"><span class='ocrx_word' id='word_1_300' title='bbox 292 2560 516 2613; x_wconf 79' lang='lat' dir='ltr'><strong>vinculis</strong></span> <span class='ocrx_word' id='word_1_301' title='bbox 542 2576 556 2623; x_wconf 89' lang='lat'><strong>;</strong></span> <span class='ocrx_word' id='word_1_302' title='bbox 589 2569 642 2612; x_wconf 92' lang='lat' dir='ltr'><strong>et</strong></span> <span class='ocrx_word' id='word_1_303' title='bbox 668 2559 784 2626; x_wconf 88' lang='lat' dir='ltr'><strong>quia</strong></span> <span class='ocrx_word' id='word_1_304' title='bbox 816 2557 972 2610; x_wconf 90' lang='lat' dir='ltr'><strong>unius</strong></span> <span class='ocrx_word' id='word_1_305' title='bbox 1001 2556 1232 2610; x_wconf 87' lang='lat' dir='ltr'><strong>carceris</strong></span> <span class='ocrx_word' id='word_1_306' title='bbox 1250 2570 1342 2609; x_wconf 91' lang='lat' dir='ltr'><strong>eos</strong></span> <span class='ocrx_word' id='word_1_307' title='bbox 1357 2571 1462 2608; x_wconf 89' lang='lat' dir='ltr'><strong>non</strong></span> <span class='ocrx_word' id='word_1_308' title='bbox 1487 2557 1872 2619; x_wconf 87' lang='lat' dir='ltr'><strong>l&#39;erebatlocus,</strong></span> 
     </span>
    </p>
   </div>
   <div class='ocr_carea' id='block_1_42' title="bbox 296 2645 1875 2717">
    <p class='ocr_par' dir='ltr' id='par_1_42' title="bbox 296 2645 1875 2717">
     <span class='ocr_line' id='line_1_42' title="bbox 296 2645 1875 2717; baseline -0.002 -14"><span class='ocrx_word' id='word_1_309' title='bbox 296 2665 387 2717; x_wconf 89' lang='lat' dir='ltr'><strong>per</strong></span> <span class='ocrx_word' id='word_1_310' title='bbox 413 2649 651 2702; x_wconf 89' lang='lat' dir='ltr'><strong>diversas</strong></span> <span class='ocrx_word' id='word_1_311' title='bbox 685 2647 954 2702; x_wconf 88' lang='lat' dir='ltr'><strong>custodias</strong></span> <span class='ocrx_word' id='word_1_312' title='bbox 981 2645 1306 2699; x_wconf 90' lang='lat' dir='ltr'><strong>dividuntur.</strong></span> <span class='ocrx_word' id='word_1_313' title='bbox 1336 2646 1459 2699; x_wconf 86' lang='lat' dir='ltr'><strong>Post</strong></span> <span class='ocrx_word' id='word_1_314' title='bbox 1482 2646 1597 2700; x_wconf 74' lang='lat' dir='ltr'><strong>htec</strong></span> <span class='ocrx_word' id='word_1_315' title='bbox 1626 2647 1875 2700; x_wconf 87' lang='lat' dir='ltr'><strong>statuitur</strong></span> 
     </span>
    </p>
   </div>
   <div class='ocr_carea' id='block_1_43' title="bbox 294 2736 1876 2808">
    <p class='ocr_par' dir='ltr' id='par_1_43' title="bbox 294 2736 1876 2808">
     <span class='ocr_line' id='line_1_43' title="bbox 294 2736 1876 2808; baseline -0.001 -15"><span class='ocrx_word' id='word_1_316' title='bbox 294 2739 408 2793; x_wconf 87' lang='lat' dir='ltr'><strong>dies</strong></span> <span class='ocrx_word' id='word_1_317' title='bbox 423 2739 643 2803; x_wconf 88' lang='lat' dir='ltr'><strong>funeris,</strong></span> <span class='ocrx_word' id='word_1_318' title='bbox 658 2737 710 2792; x_wconf 91' lang='lat' dir='ltr'><strong>in</strong></span> <span class='ocrx_word' id='word_1_319' title='bbox 723 2753 828 2808; x_wconf 91' lang='lat' dir='ltr'><strong>quo</strong></span> <span class='ocrx_word' id='word_1_320' title='bbox 843 2736 931 2792; x_wconf 91' lang='lat' dir='ltr'><strong>alii</strong></span> <span class='ocrx_word' id='word_1_321' title='bbox 947 2739 1011 2791; x_wconf 92' lang='lat' dir='ltr'><strong>ad</strong></span> <span class='ocrx_word' id='word_1_322' title='bbox 1028 2737 1244 2797; x_wconf 86' lang='lat' dir='ltr'><strong>bestias,</strong></span> <span class='ocrx_word' id='word_1_323' title='bbox 1262 2737 1350 2790; x_wconf 91' lang='lat' dir='ltr'><strong>alii</strong></span> <span class='ocrx_word' id='word_1_324' title='bbox 1369 2751 1494 2790; x_wconf 90' lang='lat' dir='ltr'><strong>vero</strong></span> <span class='ocrx_word' id='word_1_325' title='bbox 1512 2737 1576 2790; x_wconf 92' lang='lat' dir='ltr'><strong>ad</strong></span> <span class='ocrx_word' id='word_1_326' title='bbox 1598 2737 1766 2807; x_wconf 81' lang='lat' dir='ltr'><strong>ignes,</strong></span> <span class='ocrx_word' id='word_1_327' title='bbox 1785 2738 1876 2793; x_wconf 89' lang='lat' dir='ltr'><strong>alii</strong></span> 
     </span>
    </p>
   </div>
   <div class='ocr_carea' id='block_1_44' title="bbox 296 2826 1879 2898">
    <p class='ocr_par' dir='ltr' id='par_1_44' title="bbox 296 2826 1879 2898">
     <span class='ocr_line' id='line_1_44' title="bbox 296 2826 1879 2898; baseline -0.002 -14"><span class='ocrx_word' id='word_1_328' title='bbox 296 2831 362 2884; x_wconf 88' lang='lat' dir='ltr'><strong>ad</strong></span> <span class='ocrx_word' id='word_1_329' title='bbox 386 2830 596 2882; x_wconf 90' lang='lat' dir='ltr'><strong>diversa</strong></span> <span class='ocrx_word' id='word_1_330' title='bbox 628 2827 884 2898; x_wconf 89' lang='lat' dir='ltr'><strong>supplicia</strong></span> <span class='ocrx_word' id='word_1_331' title='bbox 908 2826 1308 2881; x_wconf 89' lang='lat' dir='ltr'><strong>damnarentur.</strong></span> <span class='ocrx_word' id='word_1_332' title='bbox 1337 2827 1420 2880; x_wconf 89' lang='lat' dir='ltr'><strong>Fit</strong></span> <span class='ocrx_word' id='word_1_333' title='bbox 1443 2842 1624 2881; x_wconf 92' lang='lat' dir='ltr'><strong>rumor</strong></span> <span class='ocrx_word' id='word_1_334' title='bbox 1653 2828 1879 2881; x_wconf 87' lang='lat' dir='ltr'><strong>immen-</strong></span> 
     </span>
    </p>
   </div>
   <div class='ocr_carea' id='block_1_45' title="bbox 301 2916 1878 2990">
    <p class='ocr_par' dir='ltr' id='par_1_45' title="bbox 301 2916 1878 2990">
     <span class='ocr_line' id='line_1_45' title="bbox 301 2916 1878 2990; baseline 0 -16"><span class='ocrx_word' id='word_1_335' title='bbox 301 2935 391 2974; x_wconf 89' lang='lat' dir='ltr'><strong>sus</strong></span> <span class='ocrx_word' id='word_1_336' title='bbox 417 2961 431 2985; x_wconf 93' lang='lat'><strong>,</strong></span> <span class='ocrx_word' id='word_1_337' title='bbox 461 2920 741 2987; x_wconf 88' lang='lat' dir='ltr'><strong>impudens</strong></span> <span class='ocrx_word' id='word_1_338' title='bbox 769 2933 981 2990; x_wconf 90' lang='lat' dir='ltr'><strong>quoque</strong></span> <span class='ocrx_word' id='word_1_339' title='bbox 1026 2916 1169 2974; x_wconf 89' lang='lat' dir='ltr'><strong>fama</strong></span> <span class='ocrx_word' id='word_1_340' title='bbox 1207 2929 1450 2974; x_wconf 91' lang='lat' dir='ltr'><strong>cunctam</strong></span> <span class='ocrx_word' id='word_1_341' title='bbox 1483 2919 1701 2990; x_wconf 65' lang='lat' dir='ltr'><strong>Egypti</strong></span> <span class='ocrx_word' id='word_1_342' title='bbox 1725 2936 1878 2988; x_wconf 89' lang='lat' dir='ltr'><strong>pera-</strong></span> 
     </span>
    </p>
   </div>
   <div class='ocr_carea' id='block_1_46' title="bbox 298 3010 1875 3079">
    <p class='ocr_par' dir='ltr' id='par_1_46' title="bbox 298 3010 1875 3079">
     <span class='ocr_line' id='line_1_46' title="bbox 298 3010 1875 3079; baseline -0.003 -15"><span class='ocrx_word' id='word_1_343' title='bbox 298 3019 417 3079; x_wconf 85' lang='lat' dir='ltr'><strong>grat</strong></span> <span class='ocrx_word' id='word_1_344' title='bbox 441 3011 794 3078; x_wconf 83' lang='lat' dir='ltr'><strong>provinciam.</strong></span> <span class='ocrx_word' id='word_1_345' title='bbox 821 3010 1020 3064; x_wconf 88' lang='lat' dir='ltr'><strong>Omnes</strong></span> <span class='ocrx_word' id='word_1_346' title='bbox 1041 3013 1488 3075; x_wconf 86' lang='lat' dir='ltr'><strong>credunt,omnes</strong></span> <span class='ocrx_word' id='word_1_347' title='bbox 1502 3011 1875 3077; x_wconf 79' lang='lat' dir='ltr'><strong>condemnant,</strong></span> 
     </span>
    </p>
   </div>
   <div class='ocr_carea' id='block_1_47' title="bbox 299 3101 1876 3167">
    <p class='ocr_par' dir='ltr' id='par_1_47' title="bbox 299 3101 1876 3167">
     <span class='ocr_line' id='line_1_47' title="bbox 299 3101 1876 3167; baseline 0.001 -13"><span class='ocrx_word' id='word_1_348' title='bbox 299 3111 353 3154; x_wconf 90' lang='lat' dir='ltr'><strong>et</strong></span> <span class='ocrx_word' id='word_1_349' title='bbox 381 3101 630 3156; x_wconf 90' lang='lat' dir='ltr'><strong>omnibus</strong></span> <span class='ocrx_word' id='word_1_350' title='bbox 666 3101 955 3156; x_wconf 89' lang='lat' dir='ltr'><strong>verisimile</strong></span> <span class='ocrx_word' id='word_1_351' title='bbox 980 3101 1191 3167; x_wconf 75' lang='lat' dir='ltr'><strong>videtur</strong></span> <span class='ocrx_word' id='word_1_352' title='bbox 1227 3101 1571 3156; x_wconf 81' lang='lat' dir='ltr'><strong>Melanthiam</strong></span> <span class='ocrx_word' id='word_1_353' title='bbox 1613 3101 1876 3157; x_wconf 90' lang='lat' dir='ltr'><strong>illustrem</strong></span> 
     </span>
    </p>
   </div>
   <div class='ocr_carea' id='block_1_48' title="bbox 1970 1941 3562 2025">
    <p class='ocr_par' dir='ltr' id='par_1_48' title="bbox 1970 1941 3562 2025">
     <span class='ocr_line' id='line_1_48' title="bbox 1970 1941 3562 2025; baseline -0.011 -14"><span class='ocrx_word' id='word_1_354' title='bbox 1970 1958 2113 2012; x_wconf 90' lang='lat' dir='ltr'><strong>circa</strong></span> <span class='ocrx_word' id='word_1_355' title='bbox 2146 1956 2370 2025; x_wconf 90' lang='lat' dir='ltr'><strong>primam</strong></span> <span class='ocrx_word' id='word_1_356' title='bbox 2414 1954 2601 2007; x_wconf 89' lang='lat' dir='ltr'><strong>horam</strong></span> <span class='ocrx_word' id='word_1_357' title='bbox 2635 1951 2739 2005; x_wconf 91' lang='lat' dir='ltr'><strong>diei</strong></span> <span class='ocrx_word' id='word_1_358' title='bbox 2767 1947 3070 2003; x_wconf 89' lang='lat' dir='ltr'><strong>cubiculum</strong></span> <span class='ocrx_word' id='word_1_359' title='bbox 3101 1942 3441 2012; x_wconf 88' lang='lat' dir='ltr'><strong>impudenter</strong></span> <span class='ocrx_word' id='word_1_360' title='bbox 3478 1941 3562 1994; x_wconf 88' lang='lat' dir='ltr'><strong>in-</strong></span> 
     </span>
    </p>
   </div>
   <div class='ocr_carea' id='block_1_49' title="bbox 1971 2032 3563 2116">
    <p class='ocr_par' dir='ltr' id='par_1_49' title="bbox 1971 2032 3563 2116">
     <span class='ocr_line' id='line_1_49' title="bbox 1971 2032 3563 2116; baseline -0.009 -16"><span class='ocrx_word' id='word_1_361' title='bbox 1971 2061 2204 2116; x_wconf 87' lang='lat' dir='ltr'><strong>gressus,</strong></span> <span class='ocrx_word' id='word_1_362' title='bbox 2230 2045 2402 2113; x_wconf 89' lang='lat' dir='ltr'><strong>primo</strong></span> <span class='ocrx_word' id='word_1_363' title='bbox 2429 2043 2645 2112; x_wconf 87' lang='lat' dir='ltr'><strong>quidem</strong></span> <span class='ocrx_word' id='word_1_364' title='bbox 2676 2053 2926 2095; x_wconf 88' lang='lat' dir='ltr'><strong>sermone</strong></span> <span class='ocrx_word' id='word_1_365' title='bbox 2947 2036 3099 2106; x_wconf 90' lang='lat' dir='ltr'><strong>quasi</strong></span> <span class='ocrx_word' id='word_1_366' title='bbox 3133 2049 3229 2103; x_wconf 88' lang='lat' dir='ltr'><strong>pro</strong></span> <span class='ocrx_word' id='word_1_367' title='bbox 3248 2035 3419 2088; x_wconf 89' lang='lat' dir='ltr'><strong>salute</strong></span> <span class='ocrx_word' id='word_1_368' title='bbox 3446 2032 3563 2100; x_wconf 85' lang='lat' dir='ltr'><strong>ejus</strong></span> 
     </span>
    </p>
   </div>
   <div class='ocr_carea' id='block_1_50' title="bbox 1978 2123 3558 2200">
    <p class='ocr_par' dir='ltr' id='par_1_50' title="bbox 1978 2123 3558 2200">
     <span class='ocr_line' id='line_1_50' title="bbox 1978 2123 3558 2200; baseline -0.01 -11"><span class='ocrx_word' id='word_1_369' title='bbox 1978 2140 2182 2191; x_wconf 81' lang='lat' dir='ltr'><strong>veniret</strong></span> <span class='ocrx_word' id='word_1_370' title='bbox 2234 2137 2528 2198; x_wconf 89' lang='lat' dir='ltr'><strong>indicaret;</strong></span> <span class='ocrx_word' id='word_1_371' title='bbox 2570 2131 2805 2187; x_wconf 89' lang='lat' dir='ltr'><strong>secundo</strong></span> <span class='ocrx_word' id='word_1_372' title='bbox 2845 2144 2940 2200; x_wconf 92' lang='lat' dir='ltr'><strong>pro</strong></span> <span class='ocrx_word' id='word_1_373' title='bbox 2970 2143 3064 2182; x_wconf 92' lang='lat' dir='ltr'><strong>sua</strong></span> <span class='ocrx_word' id='word_1_374' title='bbox 3093 2123 3558 2194; x_wconf 87' lang='lat' dir='ltr'><strong>concupiscentia;</strong></span> 
     </span>
    </p>
   </div>
   <div class='ocr_carea' id='block_1_51' title="bbox 1973 2213 3563 2284">
    <p class='ocr_par' dir='ltr' id='par_1_51' title="bbox 1973 2213 3563 2284">
     <span class='ocr_line' id='line_1_51' title="bbox 1973 2213 3563 2284; baseline -0.01 -3"><span class='ocrx_word' id='word_1_375' title='bbox 1973 2235 2028 2281; x_wconf 91' lang='lat' dir='ltr'><strong>et</strong></span> <span class='ocrx_word' id='word_1_376' title='bbox 2051 2227 2206 2280; x_wconf 89' lang='lat' dir='ltr'><strong>tertio</strong></span> <span class='ocrx_word' id='word_1_377' title='bbox 2236 2226 2395 2280; x_wconf 89' lang='lat' dir='ltr'><strong>etiam</strong></span> <span class='ocrx_word' id='word_1_378' title='bbox 2423 2224 2491 2276; x_wconf 91' lang='lat' dir='ltr'><strong>ad</strong></span> <span class='ocrx_word' id='word_1_379' title='bbox 2522 2221 2853 2284; x_wconf 87' lang='lat' dir='ltr'><strong>violentiam,</strong></span> <span class='ocrx_word' id='word_1_380' title='bbox 2880 2218 2925 2272; x_wconf 87' lang='lat' dir='ltr'><strong>si</strong></span> <span class='ocrx_word' id='word_1_381' title='bbox 2967 2216 3166 2271; x_wconf 91' lang='lat' dir='ltr'><strong>cursim</strong></span> <span class='ocrx_word' id='word_1_382' title='bbox 3196 2228 3294 2282; x_wconf 85' lang='lat' dir='ltr'><strong>ego</strong></span> <span class='ocrx_word' id='word_1_383' title='bbox 3323 2213 3563 2281; x_wconf 78' lang='lat' dir='ltr'><strong>ingressa</strong></span> 
     </span>
    </p>
   </div>
   <div class='ocr_carea' id='block_1_52' title="bbox 1977 2302 3563 2379">
    <p class='ocr_par' dir='ltr' id='par_1_52' title="bbox 1977 2302 3563 2379">
     <span class='ocr_line' id='line_1_52' title="bbox 1977 2302 3563 2379; baseline -0.011 -8"><span class='ocrx_word' id='word_1_384' title='bbox 1977 2319 2230 2371; x_wconf 89' lang='lat' dir='ltr'><strong>familiam</strong></span> <span class='ocrx_word' id='word_1_385' title='bbox 2260 2332 2365 2370; x_wconf 89' lang='lat' dir='ltr'><strong>non</strong></span> <span class='ocrx_word' id='word_1_386' title='bbox 2405 2328 2706 2378; x_wconf 77' lang='lat' dir='ltr'><strong>vocassent,</strong></span> <span class='ocrx_word' id='word_1_387' title='bbox 2762 2325 2877 2379; x_wconf 67' lang='lat' dir='ltr'><strong>quae</strong></span> <span class='ocrx_word' id='word_1_388' title='bbox 2925 2307 3082 2362; x_wconf 91' lang='lat' dir='ltr'><strong>hodie</strong></span> <span class='ocrx_word' id='word_1_389' title='bbox 3124 2304 3279 2374; x_wconf 91' lang='lat' dir='ltr'><strong>hujus</strong></span> <span class='ocrx_word' id='word_1_390' title='bbox 3326 2302 3563 2356; x_wconf 88' lang='lat' dir='ltr'><strong>criminis</strong></span> 
     </span>
    </p>
   </div>
   <div class='ocr_carea' id='block_1_53' title="bbox 1978 2394 3562 2474">
    <p class='ocr_par' dir='ltr' id='par_1_53' title="bbox 1978 2394 3562 2474">
     <span class='ocr_line' id='line_1_53' title="bbox 1978 2394 3562 2474; baseline -0.009 -12"><span class='ocrx_word' id='word_1_391' title='bbox 1978 2411 2126 2463; x_wconf 88' lang='lat' dir='ltr'><strong>testis</strong></span> <span class='ocrx_word' id='word_1_392' title='bbox 2155 2417 2257 2462; x_wconf 83' lang='lat' dir='ltr'><strong>est.</strong></span> <span class='ocrx_word' id='word_1_393' title='bbox 2285 2407 2433 2462; x_wconf 82' lang='lat' dir='ltr'><strong>Tunc</strong></span> <span class='ocrx_word' id='word_1_394' title='bbox 2461 2405 2740 2474; x_wconf 63' lang='lat' dir='ltr'><strong>praefectus</strong></span> <span class='ocrx_word' id='word_1_395' title='bbox 2771 2417 2833 2457; x_wconf 80' lang='lat' dir='ltr'><strong>ex</strong></span> <span class='ocrx_word' id='word_1_396' title='bbox 2859 2401 3053 2454; x_wconf 83' lang='lat' dir='ltr'><strong>familia</strong></span> <span class='ocrx_word' id='word_1_397' title='bbox 3075 2398 3265 2452; x_wconf 87' lang='lat' dir='ltr'><strong>adesse</strong></span> <span class='ocrx_word' id='word_1_398' title='bbox 3293 2396 3442 2463; x_wconf 91' lang='lat' dir='ltr'><strong>jubet</strong></span> <span class='ocrx_word' id='word_1_399' title='bbox 3466 2394 3562 2448; x_wconf 85' lang='lat' dir='ltr'><strong>ali-</strong></span> 
     </span>
    </p>
   </div>
   <div class='ocr_carea' id='block_1_54' title="bbox 1976 2489 3561 2569">
    <p class='ocr_par' dir='ltr' id='par_1_54' title="bbox 1976 2489 3561 2569">
     <span class='ocr_line' id='line_1_54' title="bbox 1976 2489 3561 2569; baseline -0.007 -18"><span class='ocrx_word' id='word_1_400' title='bbox 1976 2517 2127 2568; x_wconf 87' lang='lat' dir='ltr'><strong>quos,</strong></span> <span class='ocrx_word' id='word_1_401' title='bbox 2153 2502 2240 2569; x_wconf 89' lang='lat' dir='ltr'><strong>qui</strong></span> <span class='ocrx_word' id='word_1_402' title='bbox 2265 2501 2344 2568; x_wconf 47' lang='lat' dir='ltr'><strong>ita.</strong></span> <span class='ocrx_word' id='word_1_403' title='bbox 2359 2509 2564 2568; x_wconf 86' lang='lat' dir='ltr'><strong>gestum</strong></span> <span class='ocrx_word' id='word_1_404' title='bbox 2586 2511 2706 2551; x_wconf 90' lang='lat' dir='ltr'><strong>esse</strong></span> <span class='ocrx_word' id='word_1_405' title='bbox 2721 2510 2820 2550; x_wconf 82' lang='lat' dir='ltr'><strong>suo</strong></span> <span class='ocrx_word' id='word_1_406' title='bbox 2840 2491 3147 2548; x_wconf 87' lang='lat' dir='ltr'><strong>testimonio</strong></span> <span class='ocrx_word' id='word_1_407' title='bbox 3163 2489 3561 2543; x_wconf 87' lang='lat' dir='ltr'><strong>confirmarent.</strong></span> 
     </span>
    </p>
   </div>
   <div class='ocr_carea' id='block_1_55' title="bbox 1976 2581 3564 2660">
    <p class='ocr_par' dir='ltr' id='par_1_55' title="bbox 1976 2581 3564 2660">
     <span class='ocr_line' id='line_1_55' title="bbox 1976 2581 3564 2660; baseline -0.009 -14"><span class='ocrx_word' id='word_1_408' title='bbox 1976 2592 2216 2660; x_wconf 85' lang='lat' dir='ltr'><strong>Cumque</strong></span> <span class='ocrx_word' id='word_1_409' title='bbox 2237 2592 2632 2659; x_wconf 86' lang='lat' dir='ltr'><strong>applicarentur</strong></span> <span class='ocrx_word' id='word_1_410' title='bbox 2660 2587 2858 2655; x_wconf 80' lang='lat' dir='ltr'><strong>singuli</strong></span> <span class='ocrx_word' id='word_1_411' title='bbox 2887 2586 2958 2638; x_wconf 89' lang='lat' dir='ltr'><strong>ita</strong></span> <span class='ocrx_word' id='word_1_412' title='bbox 3002 2598 3122 2638; x_wconf 90' lang='lat' dir='ltr'><strong>esse</strong></span> <span class='ocrx_word' id='word_1_413' title='bbox 3153 2591 3209 2636; x_wconf 92' lang='lat' dir='ltr'><strong>ut</strong></span> <span class='ocrx_word' id='word_1_414' title='bbox 3240 2581 3326 2634; x_wconf 89' lang='lat' dir='ltr'><strong>illa</strong></span> <span class='ocrx_word' id='word_1_415' title='bbox 3358 2581 3564 2634; x_wconf 76' lang='lat' dir='ltr'><strong>dixerat</strong></span> 
     </span>
    </p>
   </div>
   <div class='ocr_carea' id='block_1_56' title="bbox 1977 2669 3564 2746">
    <p class='ocr_par' dir='ltr' id='par_1_56' title="bbox 1977 2669 3564 2746">
     <span class='ocr_line' id='line_1_56' title="bbox 1977 2669 3564 2746; baseline -0.008 -12"><span class='ocrx_word' id='word_1_416' title='bbox 1977 2681 2338 2734; x_wconf 84' lang='lat' dir='ltr'><strong>testabantur.</strong></span> <span class='ocrx_word' id='word_1_417' title='bbox 2368 2681 2519 2733; x_wconf 90' lang='lat' dir='ltr'><strong>Tunc</strong></span> <span class='ocrx_word' id='word_1_418' title='bbox 2543 2678 2704 2746; x_wconf 81' lang='lat' dir='ltr'><strong>judex</strong></span> <span class='ocrx_word' id='word_1_419' title='bbox 2729 2677 3074 2745; x_wconf 48' lang='lat' dir='ltr'><strong>vehementr;</strong></span> <span class='ocrx_word' id='word_1_420' title='bbox 3104 2681 3424 2733; x_wconf 86' lang='lat' dir='ltr'><strong>commotus,</strong></span> <span class='ocrx_word' id='word_1_421' title='bbox 3455 2669 3564 2722; x_wconf 88' lang='lat' dir='ltr'><strong>ait:</strong></span> 
     </span>
    </p>
   </div>
   <div class='ocr_carea' id='block_1_57' title="bbox 1977 2764 3564 2838">
    <p class='ocr_par' dir='ltr' id='par_1_57' title="bbox 1977 2764 3564 2838">
     <span class='ocr_line' id='line_1_57' title="bbox 1977 2764 3564 2838; baseline -0.008 -12"><span class='ocrx_word' id='word_1_422' title='bbox 1977 2774 2112 2838; x_wconf 80' lang='lat' dir='ltr'><strong>Quid</strong></span> <span class='ocrx_word' id='word_1_423' title='bbox 2152 2772 2217 2825; x_wconf 88' lang='lat' dir='ltr'><strong>ad</strong></span> <span class='ocrx_word' id='word_1_424' title='bbox 2247 2772 2380 2836; x_wconf 80' lang='lat' dir='ltr'><strong>haec,</strong></span> <span class='ocrx_word' id='word_1_425' title='bbox 2416 2770 2663 2835; x_wconf 90' lang='lat' dir='ltr'><strong>infauste,</strong></span> <span class='ocrx_word' id='word_1_426' title='bbox 2698 2768 2936 2821; x_wconf 86' lang='lat' dir='ltr'><strong>dicturus</strong></span> <span class='ocrx_word' id='word_1_427' title='bbox 2974 2780 3051 2831; x_wconf 89' lang='lat' dir='ltr'><strong>es,</strong></span> <span class='ocrx_word' id='word_1_428' title='bbox 3093 2779 3250 2833; x_wconf 89' lang='lat' dir='ltr'><strong>quem</strong></span> <span class='ocrx_word' id='word_1_429' title='bbox 3283 2773 3360 2817; x_wconf 91' lang='lat' dir='ltr'><strong>tot</strong></span> <span class='ocrx_word' id='word_1_430' title='bbox 3383 2764 3564 2816; x_wconf 85' lang='lat' dir='ltr'><strong>revin-</strong></span> 
     </span>
    </p>
   </div>
   <div class='ocr_carea' id='block_1_58' title="bbox 1976 2855 3236 2928">
    <p class='ocr_par' dir='ltr' id='par_1_58' title="bbox 1976 2855 3236 2928">
     <span class='ocr_line' id='line_1_58' title="bbox 1976 2855 3236 2928; baseline -0.008 -10"><span class='ocrx_word' id='word_1_431' title='bbox 1976 2873 2100 2918; x_wconf 91' lang='lat' dir='ltr'><strong>cunt</strong></span> <span class='ocrx_word' id='word_1_432' title='bbox 2129 2871 2310 2926; x_wconf 86' lang='lat' dir='ltr'><strong>testes,</strong></span> <span class='ocrx_word' id='word_1_433' title='bbox 2348 2869 2594 2928; x_wconf 88' lang='lat' dir='ltr'><strong>tantaque</strong></span> <span class='ocrx_word' id='word_1_434' title='bbox 2623 2857 2820 2912; x_wconf 86' lang='lat' dir='ltr'><strong>indicia</strong></span> <span class='ocrx_word' id='word_1_435' title='bbox 2853 2855 3236 2911; x_wconf 71' lang='lat' dir='ltr'><strong>manifestam?</strong></span> 
     </span>
    </p>
   </div>
   <div class='ocr_carea' id='block_1_59' title="bbox 2047 2983 3566 3057">
    <p class='ocr_par' dir='ltr' id='par_1_59' title="bbox 2047 2983 3566 3057">
     <span class='ocr_line' id='line_1_59' title="bbox 2047 2983 3566 3057; baseline -0.01 -6"><span class='ocrx_word' id='word_1_436' title='bbox 2047 2999 2173 3051; x_wconf 76' lang='lat' dir='ltr'><strong>CAP.</strong></span> <span class='ocrx_word' id='word_1_437' title='bbox 2215 2995 2332 3049; x_wconf 81' lang='lat' dir='ltr'><strong>XV.</strong></span> <span class='ocrx_word' id='word_1_438' title='bbox 2375 3023 2443 3034; x_wconf 90' lang='lat'>—</span> <span class='ocrx_word' id='word_1_439' title='bbox 2468 2995 2545 3047; x_wconf 82' lang='lat' dir='ltr'><strong>Ad</strong></span> <span class='ocrx_word' id='word_1_440' title='bbox 2574 2991 2690 3045; x_wconf 70' lang='lat' dir='ltr'><strong>haec</strong></span> <span class='ocrx_word' id='word_1_441' title='bbox 2719 2991 2871 3044; x_wconf 89' lang='lat' dir='ltr'><strong>beata</strong></span> <span class='ocrx_word' id='word_1_442' title='bbox 2906 2989 3142 3057; x_wconf 81' lang='lat' dir='ltr'><strong>Eugenta</strong></span> <span class='ocrx_word' id='word_1_443' title='bbox 3183 2986 3256 3037; x_wconf 89' lang='lat' dir='ltr'><strong>ait</strong></span> <span class='ocrx_word' id='word_1_444' title='bbox 3287 3001 3300 3036; x_wconf 90' lang='lat'><strong>:</strong></span> <span class='ocrx_word' id='word_1_445' title='bbox 3327 2983 3566 3050; x_wconf 89' lang='lat' dir='ltr'><strong>Tempus</strong></span> 
     </span>
    </p>
   </div>
   <div class='ocr_carea' id='block_1_60' title="bbox 1979 3076 3565 3163">
    <p class='ocr_par' dir='ltr' id='par_1_60' title="bbox 1979 3076 3565 3163">
     <span class='ocr_line' id='line_1_60' title="bbox 1979 3076 3565 3163; baseline -0.013 -15"><span class='ocrx_word' id='word_1_446' title='bbox 1979 3093 2228 3163; x_wconf 86' lang='lat' dir='ltr'><strong>loquendi</strong></span> <span class='ocrx_word' id='word_1_447' title='bbox 2261 3099 2364 3159; x_wconf 90' lang='lat' dir='ltr'><strong>est,</strong></span> <span class='ocrx_word' id='word_1_448' title='bbox 2388 3090 2508 3159; x_wconf 90' lang='lat' dir='ltr'><strong>quia</strong></span> <span class='ocrx_word' id='word_1_449' title='bbox 2542 3096 2752 3156; x_wconf 90' lang='lat' dir='ltr'><strong>tempus</strong></span> <span class='ocrx_word' id='word_1_450' title='bbox 2772 3084 2980 3138; x_wconf 89' lang='lat' dir='ltr'><strong>tacendi</strong></span> <span class='ocrx_word' id='word_1_451' title='bbox 3012 3079 3217 3135; x_wconf 55' lang='lat' dir='ltr'><strong>transiit</strong></span> <span class='ocrx_word' id='word_1_452' title='bbox 3244 3077 3432 3148; x_wconf 82' lang='lat' dir='ltr'><strong>(Eccli.</strong></span> <span class='ocrx_word' id='word_1_453' title='bbox 3460 3076 3565 3143; x_wconf 87' lang='lat' dir='ltr'><strong>ut).</strong></span> 
     </span>
    </p>
   </div>
   <div class='ocr_carea' id='block_1_61' title="bbox 299 3166 3569 3263">
    <p class='ocr_par' dir='ltr' id='par_1_61' title="bbox 299 3166 3569 3263">
     <span class='ocr_line' id='line_1_61' title="bbox 299 3166 3569 3263; baseline -0.007 -20"><span class='ocrx_word' id='word_1_454' title='bbox 299 3190 549 3246; x_wconf 86' lang='lat' dir='ltr'><strong>feminam</strong></span> <span class='ocrx_word' id='word_1_455' title='bbox 580 3191 790 3246; x_wconf 88' lang='lat' dir='ltr'><strong>mentiri</strong></span> <span class='ocrx_word' id='word_1_456' title='bbox 821 3206 927 3246; x_wconf 92' lang='lat' dir='ltr'><strong>non</strong></span> <span class='ocrx_word' id='word_1_457' title='bbox 955 3166 1133 3261; x_wconf 85' lang='lat' dir='ltr'><strong>posse.</strong></span> <span class='ocrx_word' id='word_1_458' title='bbox 1164 3191 1301 3257; x_wconf 87' lang='lat' dir='ltr'><strong>Quid</strong></span> <span class='ocrx_word' id='word_1_459' title='bbox 1335 3191 1544 3245; x_wconf 84' lang='lat' dir='ltr'><strong>multa?</strong></span> <span class='ocrx_word' id='word_1_460' title='bbox 1579 3191 1734 3246; x_wconf 83' lang='lat' dir='ltr'><strong>Venit</strong></span> <span class='ocrx_word' id='word_1_461' title='bbox 1762 3191 1876 3246; x_wconf 92' lang='lat' dir='ltr'><strong>dies</strong></span> <span class='ocrx_word' id='word_1_462' title='bbox 1904 3201 1950 3263; x_wconf 73' lang='grc' dir='ltr'><strong>ρ</strong></span> <span class='ocrx_word' id='word_1_463' title='bbox 1982 3187 2300 3256; x_wconf 89' lang='lat' dir='ltr'><strong>Optaveram</strong></span> <span class='ocrx_word' id='word_1_464' title='bbox 2334 3181 2546 3250; x_wconf 87' lang='lat' dir='ltr'><strong>quidem</strong></span> <span class='ocrx_word' id='word_1_465' title='bbox 2578 3179 2780 3233; x_wconf 91' lang='lat' dir='ltr'><strong>crimen</strong></span> <span class='ocrx_word' id='word_1_466' title='bbox 2803 3175 3070 3244; x_wconf 89' lang='lat' dir='ltr'><strong>objectum</strong></span> <span class='ocrx_word' id='word_1_467' title='bbox 3096 3175 3145 3224; x_wconf 92' lang='lat' dir='ltr'><strong>in</strong></span> <span class='ocrx_word' id='word_1_468' title='bbox 3173 3170 3348 3224; x_wconf 90' lang='lat' dir='ltr'><strong>futuro</strong></span> <span class='ocrx_word' id='word_1_469' title='bbox 3365 3166 3569 3238; x_wconf 70' lang='lat' dir='ltr'><strong>jndirio</strong></span> 
     </span>
    </p>
   </div>
   <div class='ocr_carea' id='block_1_62' title="bbox 302 3282 1876 3353">
    <p class='ocr_par' dir='ltr' id='par_1_62' title="bbox 302 3282 1876 3353">
     <span class='ocr_line' id='line_1_62' title="bbox 302 3282 1876 3353; baseline 0.002 -20"><span class='ocrx_word' id='word_1_470' title='bbox 302 3282 547 3338; x_wconf 90' lang='lat' dir='ltr'><strong>funerum</strong></span> <span class='ocrx_word' id='word_1_471' title='bbox 584 3293 925 3348; x_wconf 80' lang='lat' dir='ltr'><strong>constitutus,</strong></span> <span class='ocrx_word' id='word_1_472' title='bbox 957 3291 1010 3337; x_wconf 91' lang='lat' dir='ltr'><strong>et</strong></span> <span class='ocrx_word' id='word_1_473' title='bbox 1040 3284 1092 3337; x_wconf 92' lang='lat' dir='ltr'><strong>in</strong></span> <span class='ocrx_word' id='word_1_474' title='bbox 1122 3298 1222 3353; x_wconf 90' lang='lat' dir='ltr'><strong>qua</strong></span> <span class='ocrx_word' id='word_1_475' title='bbox 1256 3284 1521 3338; x_wconf 75' lang='lat' dir='ltr'><strong>universa:</strong></span> <span class='ocrx_word' id='word_1_476' title='bbox 1550 3283 1792 3337; x_wconf 88' lang='lat' dir='ltr'><strong>civitates</strong></span> <span class='ocrx_word' id='word_1_477' title='bbox 1823 3284 1876 3336; x_wconf 93' lang='lat' dir='ltr'><strong>in</strong></span> 
     </span>
    </p>
   </div>
   <div class='ocr_carea' id='block_1_63' title="bbox 305 3374 1877 3444">
    <p class='ocr_par' dir='ltr' id='par_1_63' title="bbox 305 3374 1877 3444">
     <span class='ocr_line' id='line_1_63' title="bbox 305 3374 1877 3444; baseline -0.002 -16"><span class='ocrx_word' id='word_1_478' title='bbox 305 3377 482 3429; x_wconf 90' lang='lat' dir='ltr'><strong>vicino</strong></span> <span class='ocrx_word' id='word_1_479' title='bbox 525 3377 712 3444; x_wconf 74' lang='lat' dir='ltr'><strong>posita:</strong></span> <span class='ocrx_word' id='word_1_480' title='bbox 741 3375 1093 3440; x_wconf 90' lang='lat' dir='ltr'><strong>conveniunt,</strong></span> <span class='ocrx_word' id='word_1_481' title='bbox 1122 3385 1179 3428; x_wconf 94' lang='lat' dir='ltr'><strong>ut</strong></span> <span class='ocrx_word' id='word_1_482' title='bbox 1208 3374 1450 3429; x_wconf 89' lang='lat' dir='ltr'><strong>viderent</strong></span> <span class='ocrx_word' id='word_1_483' title='bbox 1477 3374 1708 3428; x_wconf 89' lang='lat' dir='ltr'><strong>ferarum</strong></span> <span class='ocrx_word' id='word_1_484' title='bbox 1743 3374 1877 3428; x_wconf 88' lang='lat' dir='ltr'><strong>tradi</strong></span> 
     </span>
    </p>
   </div>
   <div class='ocr_carea' id='block_1_64' title="bbox 301 3465 1882 3534">
    <p class='ocr_par' dir='ltr' id='par_1_64' title="bbox 301 3465 1882 3534">
     <span class='ocr_line' id='line_1_64' title="bbox 301 3465 1882 3534; baseline -0.001 -15"><span class='ocrx_word' id='word_1_485' title='bbox 301 3466 572 3520; x_wconf 89' lang='lat' dir='ltr'><strong>morsibus</strong></span> <span class='ocrx_word' id='word_1_486' title='bbox 601 3476 945 3534; x_wconf 88' lang='lat' dir='ltr'><strong>corruptores</strong></span> <span class='ocrx_word' id='word_1_487' title='bbox 971 3483 984 3532; x_wconf 95' lang='lat'><strong>;</strong></span> <span class='ocrx_word' id='word_1_488' title='bbox 1020 3465 1430 3520; x_wconf 89' lang='lat' dir='ltr'><strong>introducuntttr</strong></span> <span class='ocrx_word' id='word_1_489' title='bbox 1474 3467 1526 3519; x_wconf 91' lang='lat' dir='ltr'><strong>in</strong></span> <span class='ocrx_word' id='word_1_490' title='bbox 1556 3466 1758 3520; x_wconf 89' lang='lat' dir='ltr'><strong>catenis</strong></span> <span class='ocrx_word' id='word_1_491' title='bbox 1779 3506 1792 3530; x_wconf 91' lang='lat'><strong>,</strong></span> <span class='ocrx_word' id='word_1_492' title='bbox 1827 3472 1882 3519; x_wconf 88' lang='lat' dir='ltr'><strong>et</strong></span> 
     </span>
    </p>
   </div>
   <div class='ocr_carea' id='block_1_65' title="bbox 301 3554 1880 3624">
    <p class='ocr_par' dir='ltr' id='par_1_65' title="bbox 301 3554 1880 3624">
     <span class='ocr_line' id='line_1_65' title="bbox 301 3554 1880 3624; baseline 0.001 -14"><span class='ocrx_word' id='word_1_493' title='bbox 301 3572 331 3610; x_wconf 90' lang='lat' dir='ltr'><strong>a</strong></span> <span class='ocrx_word' id='word_1_494' title='bbox 385 3556 670 3611; x_wconf 88' lang='lat' dir='ltr'><strong>collaribus</strong></span> <span class='ocrx_word' id='word_1_495' title='bbox 714 3555 904 3611; x_wconf 86' lang='lat' dir='ltr'><strong>ferreis</strong></span> <span class='ocrx_word' id='word_1_496' title='bbox 952 3569 1074 3611; x_wconf 90' lang='lat' dir='ltr'><strong>cum</strong></span> <span class='ocrx_word' id='word_1_497' title='bbox 1121 3556 1278 3610; x_wconf 89' lang='lat' dir='ltr'><strong>beata</strong></span> <span class='ocrx_word' id='word_1_498' title='bbox 1327 3554 1594 3624; x_wconf 89' lang='lat' dir='ltr'><strong>Eugenia;</strong></span> <span class='ocrx_word' id='word_1_499' title='bbox 1629 3565 1684 3611; x_wconf 90' lang='lat' dir='ltr'><strong>et</strong></span> <span class='ocrx_word' id='word_1_500' title='bbox 1730 3556 1880 3611; x_wconf 92' lang='lat' dir='ltr'><strong>nullo</strong></span> 
     </span>
    </p>
   </div>
   <div class='ocr_carea' id='block_1_66' title="bbox 310 3647 1882 3719">
    <p class='ocr_par' dir='ltr' id='par_1_66' title="bbox 310 3647 1882 3719">
     <span class='ocr_line' id='line_1_66' title="bbox 310 3647 1882 3719; baseline 0 -18"><span class='ocrx_word' id='word_1_501' title='bbox 310 3660 635 3718; x_wconf 82' lang='lat' dir='ltr'><strong>agnoscente</strong></span> <span class='ocrx_word' id='word_1_502' title='bbox 662 3649 804 3719; x_wconf 88' lang='lat' dir='ltr'><strong>quod</strong></span> <span class='ocrx_word' id='word_1_503' title='bbox 828 3656 972 3704; x_wconf 86' lang='lat' dir='ltr'><strong>esset</strong></span> <span class='ocrx_word' id='word_1_504' title='bbox 1001 3647 1200 3702; x_wconf 87' lang='lat' dir='ltr'><strong>femina</strong></span> <span class='ocrx_word' id='word_1_505' title='bbox 1226 3688 1240 3711; x_wconf 92' lang='lat'><strong>,</strong></span> <span class='ocrx_word' id='word_1_506' title='bbox 1269 3648 1473 3701; x_wconf 84' lang='lat' dir='ltr'><strong>clamor</strong></span> <span class='ocrx_word' id='word_1_507' title='bbox 1503 3648 1682 3716; x_wconf 89' lang='lat' dir='ltr'><strong>populi</strong></span> <span class='ocrx_word' id='word_1_508' title='bbox 1707 3649 1882 3702; x_wconf 89' lang='lat' dir='ltr'><strong>diver-</strong></span> 
     </span>
    </p>
   </div>
   <div class='ocr_carea' id='block_1_67' title="bbox 305 3737 1883 3810">
    <p class='ocr_par' dir='ltr' id='par_1_67' title="bbox 305 3737 1883 3810">
     <span class='ocr_line' id='line_1_67' title="bbox 305 3737 1883 3810; baseline -0.001 -16"><span class='ocrx_word' id='word_1_509' title='bbox 305 3741 379 3794; x_wconf 87' lang='lat' dir='ltr'><strong>sis</strong></span> <span class='ocrx_word' id='word_1_510' title='bbox 408 3741 684 3795; x_wconf 88' lang='lat' dir='ltr'><strong>seutentiis</strong></span> <span class='ocrx_word' id='word_1_511' title='bbox 705 3740 1002 3810; x_wconf 88' lang='lat' dir='ltr'><strong>ingruebat.</strong></span> <span class='ocrx_word' id='word_1_512' title='bbox 1038 3739 1187 3794; x_wconf 92' lang='lat' dir='ltr'><strong>Tunc</strong></span> <span class='ocrx_word' id='word_1_513' title='bbox 1211 3737 1429 3806; x_wconf 80' lang='lat' dir='ltr'><strong>iubetur</strong></span> <span class='ocrx_word' id='word_1_514' title='bbox 1454 3738 1645 3792; x_wconf 91' lang='lat' dir='ltr'><strong>adduci</strong></span> <span class='ocrx_word' id='word_1_515' title='bbox 1671 3739 1883 3807; x_wconf 88' lang='lat' dir='ltr'><strong>pr0pin-</strong></span> 
     </span>
    </p>
   </div>
   <div class='ocr_carea' id='block_1_68' title="bbox 305 3829 1879 3902">
    <p class='ocr_par' dir='ltr' id='par_1_68' title="bbox 305 3829 1879 3902">
     <span class='ocr_line' id='line_1_68' title="bbox 305 3829 1879 3902; baseline -0.001 -18"><span class='ocrx_word' id='word_1_516' title='bbox 305 3832 480 3900; x_wconf 88' lang='lat' dir='ltr'><strong>quius,</strong></span> <span class='ocrx_word' id='word_1_517' title='bbox 505 3843 562 3886; x_wconf 83' lang='grc' dir='ltr'><strong>ιιι</strong></span> <span class='ocrx_word' id='word_1_518' title='bbox 584 3848 687 3886; x_wconf 92' lang='lat' dir='ltr'><strong>non</strong></span> <span class='ocrx_word' id='word_1_519' title='bbox 710 3847 802 3902; x_wconf 90' lang='lat' dir='ltr'><strong>per</strong></span> <span class='ocrx_word' id='word_1_520' title='bbox 827 3833 1183 3886; x_wconf 88' lang='lat' dir='ltr'><strong>internuntios</strong></span> <span class='ocrx_word' id='word_1_521' title='bbox 1204 3843 1320 3884; x_wconf 90' lang='lat' dir='ltr'><strong>eam</strong></span> <span class='ocrx_word' id='word_1_522' title='bbox 1349 3829 1630 3899; x_wconf 72' lang='lat' dir='ltr'><strong>prmfectus</strong></span> <span class='ocrx_word' id='word_1_523' title='bbox 1652 3831 1879 3896; x_wconf 88' lang='lat' dir='ltr'><strong>audiret,</strong></span> 
     </span>
    </p>
   </div>
   <div class='ocr_carea' id='block_1_69' title="bbox 307 3921 1882 3991">
    <p class='ocr_par' dir='ltr' id='par_1_69' title="bbox 307 3921 1882 3991">
     <span class='ocr_line' id='line_1_69' title="bbox 307 3921 1882 3991; baseline -0.001 -16"><span class='ocrx_word' id='word_1_524' title='bbox 307 3923 400 3975; x_wconf 89' lang='lat' dir='ltr'><strong>sed</strong></span> <span class='ocrx_word' id='word_1_525' title='bbox 419 3938 485 3978; x_wconf 82' lang='lat' dir='ltr'><strong>ex</strong></span> <span class='ocrx_word' id='word_1_526' title='bbox 506 3937 600 3977; x_wconf 91' lang='lat' dir='ltr'><strong>ore</strong></span> <span class='ocrx_word' id='word_1_527' title='bbox 617 3923 733 3990; x_wconf 91' lang='lat' dir='ltr'><strong>ejus</strong></span> <span class='ocrx_word' id='word_1_528' title='bbox 752 3923 1364 3978; x_wconf 87' lang='lat' dir='ltr'><strong>addisceretveritatem.</strong></span> <span class='ocrx_word' id='word_1_529' title='bbox 1391 3924 1651 3990; x_wconf 80' lang='lat' dir='ltr'><strong>Aptantur</strong></span> <span class='ocrx_word' id='word_1_530' title='bbox 1671 3921 1882 3991; x_wconf 89' lang='lat' dir='ltr'><strong>equulei</strong></span> 
     </span>
    </p>
   </div>
   <div class='ocr_carea' id='block_1_70' title="bbox 311 4012 1886 4081">
    <p class='ocr_par' dir='ltr' id='par_1_70' title="bbox 311 4012 1886 4081">
     <span class='ocr_line' id='line_1_70' title="bbox 311 4012 1886 4081; baseline 0.003 -19"><span class='ocrx_word' id='word_1_531' title='bbox 311 4022 363 4062; x_wconf 77' lang='lat' dir='ltr'><strong>et</strong></span> <span class='ocrx_word' id='word_1_532' title='bbox 395 4015 635 4079; x_wconf 82' lang='lat' dir='ltr'><strong>verbera,</strong></span> <span class='ocrx_word' id='word_1_533' title='bbox 662 4014 890 4068; x_wconf 66' lang='lat' dir='ltr'><strong>flammae</strong></span> <span class='ocrx_word' id='word_1_534' title='bbox 916 4053 932 4079; x_wconf 92' lang='lat'><strong>,</strong></span> <span class='ocrx_word' id='word_1_535' title='bbox 963 4021 1192 4067; x_wconf 84' lang='lat' dir='ltr'><strong>tortores</strong></span> <span class='ocrx_word' id='word_1_536' title='bbox 1216 4052 1232 4080; x_wconf 91' lang='lat'><strong>,</strong></span> <span class='ocrx_word' id='word_1_537' title='bbox 1263 4019 1321 4068; x_wconf 90' lang='lat' dir='ltr'><strong>et</strong></span> <span class='ocrx_word' id='word_1_538' title='bbox 1344 4021 1536 4067; x_wconf 61' lang='lat' dir='ltr'><strong>cattera</strong></span> <span class='ocrx_word' id='word_1_539' title='bbox 1568 4027 1687 4081; x_wconf 86' lang='lat' dir='ltr'><strong>quae</strong></span> <span class='ocrx_word' id='word_1_540' title='bbox 1711 4012 1886 4067; x_wconf 89' lang='lat' dir='ltr'><strong>solent</strong></span> 
     </span>
    </p>
   </div>
   <div class='ocr_carea' id='block_1_71' title="bbox 310 4103 1596 4174">
    <p class='ocr_par' dir='ltr' id='par_1_71' title="bbox 310 4103 1596 4174">
     <span class='ocr_line' id='line_1_71' title="bbox 310 4103 1596 4174; baseline 0.004 -21"><span class='ocrx_word' id='word_1_541' title='bbox 310 4103 618 4157; x_wconf 88' lang='lat' dir='ltr'><strong>abscondita</strong></span> <span class='ocrx_word' id='word_1_542' title='bbox 645 4105 823 4158; x_wconf 87' lang='lat' dir='ltr'><strong>cordis</strong></span> <span class='ocrx_word' id='word_1_543' title='bbox 841 4104 1185 4174; x_wconf 82' lang='lat' dir='ltr'><strong>exsculpere,</strong></span> <span class='ocrx_word' id='word_1_544' title='bbox 1209 4114 1596 4174; x_wconf 66' lang='lat' dir='ltr'><strong>praeparantur.</strong></span> 
     </span>
    </p>
   </div>
   <div class='ocr_carea' id='block_1_72' title="bbox 381 4217 1878 4288">
    <p class='ocr_par' dir='ltr' id='par_1_72' title="bbox 381 4217 1878 4288">
     <span class='ocr_line' id='line_1_72' title="bbox 381 4217 1878 4288; baseline 0.003 -20"><span class='ocrx_word' id='word_1_545' title='bbox 381 4217 504 4269; x_wconf 63' lang='lat' dir='ltr'><strong>Car.</strong></span> <span class='ocrx_word' id='word_1_546' title='bbox 539 4217 673 4270; x_wconf 81' lang='lat' dir='ltr'><strong>XIV.</strong></span> <span class='ocrx_word' id='word_1_547' title='bbox 697 4248 766 4258; x_wconf 91' lang='lat'><strong>—</strong></span> <span class='ocrx_word' id='word_1_548' title='bbox 786 4218 935 4272; x_wconf 81' lang='lat' dir='ltr'><strong>Tunc</strong></span> <span class='ocrx_word' id='word_1_549' title='bbox 959 4218 1241 4288; x_wconf 74' lang='lat' dir='ltr'><strong>praefectus</strong></span> <span class='ocrx_word' id='word_1_550' title='bbox 1269 4219 1540 4287; x_wconf 87' lang='lat' dir='ltr'><strong>Philippus</strong></span> <span class='ocrx_word' id='word_1_551' title='bbox 1564 4219 1696 4271; x_wconf 78' lang='lat' dir='ltr'><strong>dixit</strong></span> <span class='ocrx_word' id='word_1_552' title='bbox 1721 4235 1735 4273; x_wconf 90' lang='lat'><strong>:</strong></span> <span class='ocrx_word' id='word_1_553' title='bbox 1766 4219 1878 4282; x_wconf 91' lang='lat' dir='ltr'><strong>Dic,</strong></span> 
     </span>
    </p>
   </div>
   <div class='ocr_carea' id='block_1_73' title="bbox 315 4308 1884 4375">
    <p class='ocr_par' dir='ltr' id='par_1_73' title="bbox 315 4308 1884 4375">
     <span class='ocr_line' id='line_1_73' title="bbox 315 4308 1884 4375; baseline 0.003 -17"><span class='ocrx_word' id='word_1_554' title='bbox 315 4308 716 4366; x_wconf 84' lang='lat' dir='ltr'><strong>sceleratissime</strong></span> <span class='ocrx_word' id='word_1_555' title='bbox 763 4311 1189 4365; x_wconf 90' lang='lat' dir='ltr'><strong>Christianorum</strong></span> <span class='ocrx_word' id='word_1_556' title='bbox 1217 4352 1231 4375; x_wconf 96' lang='lat'><strong>,</strong></span> <span class='ocrx_word' id='word_1_557' title='bbox 1282 4311 1383 4364; x_wconf 90' lang='lat' dir='ltr'><strong>hoc</strong></span> <span class='ocrx_word' id='word_1_558' title='bbox 1437 4310 1594 4364; x_wconf 85' lang='lat' dir='ltr'><strong>vobis</strong></span> <span class='ocrx_word' id='word_1_559' title='bbox 1641 4310 1884 4364; x_wconf 89' lang='lat' dir='ltr'><strong>Christus</strong></span> 
     </span>
    </p>
   </div>
   <div class='ocr_carea' id='block_1_74' title="bbox 321 4400 1885 4474">
    <p class='ocr_par' dir='ltr' id='par_1_74' title="bbox 321 4400 1885 4474">
     <span class='ocr_line' id='line_1_74' title="bbox 321 4400 1885 4474; baseline 0 -27"><span class='ocrx_word' id='word_1_560' title='bbox 321 4409 493 4452; x_wconf 87' lang='lat' dir='ltr'><strong>vester</strong></span> <span class='ocrx_word' id='word_1_561' title='bbox 523 4401 734 4474; x_wconf 70' lang='lat' dir='ltr'><strong>tradidit</strong></span> <span class='ocrx_word' id='word_1_562' title='bbox 765 4402 816 4455; x_wconf 90' lang='lat' dir='ltr'><strong>in</strong></span> <span class='ocrx_word' id='word_1_563' title='bbox 850 4401 1112 4454; x_wconf 85' lang='lat' dir='ltr'><strong>mandatis</strong></span> <span class='ocrx_word' id='word_1_564' title='bbox 1139 4440 1152 4460; x_wconf 89' lang='lat'><strong>,</strong></span> <span class='ocrx_word' id='word_1_565' title='bbox 1186 4411 1242 4453; x_wconf 87' lang='grc' dir='ltr'><strong>ιιι</strong></span> <span class='ocrx_word' id='word_1_566' title='bbox 1269 4415 1484 4468; x_wconf 88' lang='lat' dir='ltr'><strong>operam</strong></span> <span class='ocrx_word' id='word_1_567' title='bbox 1525 4400 1885 4466; x_wconf 75' lang='lat' dir='ltr'><strong>corruptioni-</strong></span> 
     </span>
    </p>
   </div>
   <div class='ocr_carea' id='block_1_75' title="bbox 311 4490 1886 4560">
    <p class='ocr_par' dir='ltr' id='par_1_75' title="bbox 311 4490 1886 4560">
     <span class='ocr_line' id='line_1_75' title="bbox 311 4490 1886 4560; baseline -0.001 -19"><span class='ocrx_word' id='word_1_568' title='bbox 311 4490 405 4543; x_wconf 90' lang='lat' dir='ltr'><strong>btts</strong></span> <span class='ocrx_word' id='word_1_569' title='bbox 433 4491 600 4549; x_wconf 87' lang='lat' dir='ltr'><strong>detis.</strong></span> <span class='ocrx_word' id='word_1_570' title='bbox 633 4503 686 4545; x_wconf 91' lang='lat' dir='ltr'><strong>et</strong></span> <span class='ocrx_word' id='word_1_571' title='bbox 727 4493 981 4556; x_wconf 90' lang='lat' dir='ltr'><strong>pudorem</strong></span> <span class='ocrx_word' id='word_1_572' title='bbox 1014 4500 1174 4560; x_wconf 84' lang='lat' dir='ltr'><strong>atque</strong></span> <span class='ocrx_word' id='word_1_573' title='bbox 1201 4492 1577 4546; x_wconf 89' lang='lat' dir='ltr'><strong>verecundiam</strong></span> <span class='ocrx_word' id='word_1_574' title='bbox 1616 4501 1886 4544; x_wconf 85' lang='lat' dir='ltr'><strong>matrona-</strong></span> 
     </span>
    </p>
   </div>
   <div class='ocr_carea' id='block_1_76' title="bbox 1982 3261 3569 3341">
    <p class='ocr_par' dir='ltr' id='par_1_76' title="bbox 1982 3261 3569 3341">
     <span class='ocr_line' id='line_1_76' title="bbox 1982 3261 3569 3341; baseline -0.013 -9"><span class='ocrx_word' id='word_1_575' title='bbox 1982 3276 2261 3341; x_wconf 85' lang='lat' dir='ltr'><strong>denudari,</strong></span> <span class='ocrx_word' id='word_1_576' title='bbox 2293 3285 2340 3328; x_wconf 89' lang='lat' dir='ltr'><strong>et</strong></span> <span class='ocrx_word' id='word_1_577' title='bbox 2373 3273 2673 3327; x_wconf 81' lang='lat' dir='ltr'><strong>castitatem</strong></span> <span class='ocrx_word' id='word_1_578' title='bbox 2703 3284 2875 3324; x_wconf 90' lang='lat' dir='ltr'><strong>meam</strong></span> <span class='ocrx_word' id='word_1_579' title='bbox 2908 3266 2981 3320; x_wconf 92' lang='lat' dir='ltr'><strong>illi</strong></span> <span class='ocrx_word' id='word_1_580' title='bbox 3013 3265 3112 3320; x_wconf 90' lang='lat' dir='ltr'><strong>soli</strong></span> <span class='ocrx_word' id='word_1_581' title='bbox 3142 3261 3445 3324; x_wconf 87' lang='lat' dir='ltr'><strong>ostendere,</strong></span> <span class='ocrx_word' id='word_1_582' title='bbox 3469 3274 3569 3312; x_wconf 89' lang='lat' dir='ltr'><strong>cu-</strong></span> 
     </span>
    </p>
   </div>
   <div class='ocr_carea' id='block_1_77' title="bbox 1978 3358 3570 3442">
    <p class='ocr_par' dir='ltr' id='par_1_77' title="bbox 1978 3358 3570 3442">
     <span class='ocr_line' id='line_1_77' title="bbox 1978 3358 3570 3442; baseline -0.011 -18"><span class='ocrx_word' id='word_1_583' title='bbox 1978 3372 2066 3442; x_wconf 89' lang='lat' dir='ltr'><strong>jus</strong></span> <span class='ocrx_word' id='word_1_584' title='bbox 2099 3385 2285 3424; x_wconf 90' lang='lat' dir='ltr'><strong>amorc</strong></span> <span class='ocrx_word' id='word_1_585' title='bbox 2307 3367 2566 3422; x_wconf 87' lang='lat' dir='ltr'><strong>servanda</strong></span> <span class='ocrx_word' id='word_1_586' title='bbox 2591 3375 2693 3419; x_wconf 86' lang='lat' dir='ltr'><strong>est.</strong></span> <span class='ocrx_word' id='word_1_587' title='bbox 2718 3364 2918 3418; x_wconf 86' lang='lat' dir='ltr'><strong>Tamen</strong></span> <span class='ocrx_word' id='word_1_588' title='bbox 2944 3378 3009 3415; x_wconf 92' lang='lat' dir='ltr'><strong>ne</strong></span> <span class='ocrx_word' id='word_1_589' title='bbox 3030 3360 3284 3431; x_wconf 86' lang='lat' dir='ltr'><strong>g&#39;orietur</strong></span> <span class='ocrx_word' id='word_1_590' title='bbox 3310 3358 3360 3410; x_wconf 92' lang='lat' dir='ltr'><strong>in</strong></span> <span class='ocrx_word' id='word_1_591' title='bbox 3384 3367 3570 3410; x_wconf 87' lang='lat' dir='ltr'><strong>servos</strong></span> 
     </span>
    </p>
   </div>
   <div class='ocr_carea' id='block_1_78' title="bbox 1983 3445 3579 3524">
    <p class='ocr_par' dir='ltr' id='par_1_78' title="bbox 1983 3445 3579 3524">
     <span class='ocr_line' id='line_1_78' title="bbox 1983 3445 3579 3524; baseline -0.011 -8"><span class='ocrx_word' id='word_1_592' title='bbox 1983 3463 2184 3516; x_wconf 70' lang='lat' dir='ltr'><strong>Christi</strong></span> <span class='ocrx_word' id='word_1_593' title='bbox 2217 3460 2375 3514; x_wconf 80' lang='lat' dir='ltr'><strong>fallax</strong></span> <span class='ocrx_word' id='word_1_594' title='bbox 2405 3457 2648 3522; x_wconf 89' lang='lat' dir='ltr'><strong>audacia,</strong></span> <span class='ocrx_word' id='word_1_595' title='bbox 2680 3467 2731 3510; x_wconf 91' lang='lat' dir='ltr'><strong>et</strong></span> <span class='ocrx_word' id='word_1_596' title='bbox 2764 3456 2945 3524; x_wconf 84' lang='lat' dir='ltr'><strong>paucis</strong></span> <span class='ocrx_word' id='word_1_597' title='bbox 2974 3452 3197 3522; x_wconf 88' lang='lat' dir='ltr'><strong>pandam</strong></span> <span class='ocrx_word' id='word_1_598' title='bbox 3228 3448 3404 3504; x_wconf 89' lang='lat' dir='ltr'><strong>verbis</strong></span> <span class='ocrx_word' id='word_1_599' title='bbox 3432 3445 3579 3500; x_wconf 83' lang='lat' dir='ltr'><strong>veri-</strong></span> 
     </span>
    </p>
   </div>
   <div class='ocr_carea' id='block_1_79' title="bbox 1985 3533 3571 3620">
    <p class='ocr_par' dir='ltr' id='par_1_79' title="bbox 1985 3533 3571 3620">
     <span class='ocr_line' id='line_1_79' title="bbox 1985 3533 3571 3620; baseline -0.014 -10"><span class='ocrx_word' id='word_1_600' title='bbox 1985 3565 2169 3620; x_wconf 86' lang='lat' dir='ltr'><strong>tatem,</strong></span> <span class='ocrx_word' id='word_1_601' title='bbox 2201 3569 2308 3607; x_wconf 91' lang='lat' dir='ltr'><strong>non</strong></span> <span class='ocrx_word' id='word_1_602' title='bbox 2334 3549 2725 3620; x_wconf 88' lang='lat' dir='ltr'><strong>adjactantiatn</strong></span> <span class='ocrx_word' id='word_1_603' title='bbox 2757 3549 3001 3599; x_wconf 66' lang='lat' dir='ltr'><strong>humanae</strong></span> <span class='ocrx_word' id='word_1_604' title='bbox 3023 3538 3445 3603; x_wconf 88' lang='lat' dir='ltr'><strong>declamationis,</strong></span> <span class='ocrx_word' id='word_1_605' title='bbox 3477 3533 3571 3589; x_wconf 89' lang='lat' dir='ltr'><strong>sed</strong></span> 
     </span>
    </p>
   </div>
   <div class='ocr_carea' id='block_1_80' title="bbox 1983 3630 3572 3718">
    <p class='ocr_par' dir='ltr' id='par_1_80' title="bbox 1983 3630 3572 3718">
     <span class='ocr_line' id='line_1_80' title="bbox 1983 3630 3572 3718; baseline -0.014 -14"><span class='ocrx_word' id='word_1_606' title='bbox 1983 3653 2047 3704; x_wconf 88' lang='lat' dir='ltr'><strong>ad</strong></span> <span class='ocrx_word' id='word_1_607' title='bbox 2087 3649 2311 3718; x_wconf 83' lang='lat' dir='ltr'><strong>gloriam</strong></span> <span class='ocrx_word' id='word_1_608' title='bbox 2357 3643 2588 3698; x_wconf 91' lang='lat' dir='ltr'><strong>nominis</strong></span> <span class='ocrx_word' id='word_1_609' title='bbox 2629 3639 2851 3694; x_wconf 90' lang='lat' dir='ltr'><strong>Christi.</strong></span> <span class='ocrx_word' id='word_1_610' title='bbox 2897 3636 3066 3692; x_wconf 88' lang='lat' dir='ltr'><strong>Tanta</strong></span> <span class='ocrx_word' id='word_1_611' title='bbox 3111 3634 3252 3688; x_wconf 87' lang='lat' dir='ltr'><strong>enim</strong></span> <span class='ocrx_word' id='word_1_612' title='bbox 3291 3639 3372 3683; x_wconf 88' lang='lat' dir='ltr'><strong>est</strong></span> <span class='ocrx_word' id='word_1_613' title='bbox 3400 3630 3572 3682; x_wconf 89' lang='lat' dir='ltr'><strong>virtus</strong></span> 
     </span>
    </p>
   </div>
   <div class='ocr_carea' id='block_1_81' title="bbox 1987 3719 3574 3806">
    <p class='ocr_par' dir='ltr' id='par_1_81' title="bbox 1987 3719 3574 3806">
     <span class='ocr_line' id='line_1_81' title="bbox 1987 3719 3574 3806; baseline -0.014 -11"><span class='ocrx_word' id='word_1_614' title='bbox 1987 3739 2221 3794; x_wconf 87' lang='lat' dir='ltr'><strong>nominis</strong></span> <span class='ocrx_word' id='word_1_615' title='bbox 2250 3737 2387 3806; x_wconf 90' lang='lat' dir='ltr'><strong>ejus,</strong></span> <span class='ocrx_word' id='word_1_616' title='bbox 2418 3742 2476 3787; x_wconf 82' lang='grc' dir='ltr'><strong>ιιι</strong></span> <span class='ocrx_word' id='word_1_617' title='bbox 2499 3733 2659 3788; x_wconf 83' lang='lat' dir='ltr'><strong>etiam</strong></span> <span class='ocrx_word' id='word_1_618' title='bbox 2691 3730 2903 3785; x_wconf 60' lang='lat' dir='ltr'><strong>feminae</strong></span> <span class='ocrx_word' id='word_1_619' title='bbox 2934 3730 2986 3782; x_wconf 93' lang='lat' dir='ltr'><strong>in</strong></span> <span class='ocrx_word' id='word_1_620' title='bbox 3019 3728 3210 3780; x_wconf 90' lang='lat' dir='ltr'><strong>timore</strong></span> <span class='ocrx_word' id='word_1_621' title='bbox 3240 3721 3354 3790; x_wconf 82' lang='lat' dir='ltr'><strong>ejus</strong></span> <span class='ocrx_word' id='word_1_622' title='bbox 3385 3719 3574 3789; x_wconf 70' lang='lat' dir='ltr'><strong>posita:</strong></span> 
     </span>
    </p>
   </div>
   <div class='ocr_carea' id='block_1_82' title="bbox 1985 3808 3575 3894">
    <p class='ocr_par' dir='ltr' id='par_1_82' title="bbox 1985 3808 3575 3894">
     <span class='ocr_line' id='line_1_82' title="bbox 1985 3808 3575 3894; baseline -0.014 -10"><span class='ocrx_word' id='word_1_623' title='bbox 1985 3832 2190 3884; x_wconf 83' lang='lat' dir='ltr'><strong>virilem</strong></span> <span class='ocrx_word' id='word_1_624' title='bbox 2217 3828 2492 3883; x_wconf 91' lang='lat' dir='ltr'><strong>obtineant</strong></span> <span class='ocrx_word' id='word_1_625' title='bbox 2541 3824 2884 3894; x_wconf 87' lang='lat' dir='ltr'><strong>dignitatem;</strong></span> <span class='ocrx_word' id='word_1_626' title='bbox 2916 3829 2970 3872; x_wconf 88' lang='lat' dir='ltr'><strong>et</strong></span> <span class='ocrx_word' id='word_1_627' title='bbox 3008 3830 3178 3883; x_wconf 90' lang='lat' dir='ltr'><strong>neque</strong></span> <span class='ocrx_word' id='word_1_628' title='bbox 3205 3818 3250 3869; x_wconf 89' lang='lat' dir='ltr'><strong>ei</strong></span> <span class='ocrx_word' id='word_1_629' title='bbox 3282 3826 3443 3867; x_wconf 82' lang='lat' dir='ltr'><strong>sexus</strong></span> <span class='ocrx_word' id='word_1_630' title='bbox 3492 3808 3575 3863; x_wconf 88' lang='lat' dir='ltr'><strong>di-</strong></span> 
     </span>
    </p>
   </div>
   <div class='ocr_carea' id='block_1_83' title="bbox 1983 3902 3574 3988">
    <p class='ocr_par' dir='ltr' id='par_1_83' title="bbox 1983 3902 3574 3988">
     <span class='ocr_line' id='line_1_83' title="bbox 1983 3902 3574 3988; baseline -0.017 -10"><span class='ocrx_word' id='word_1_631' title='bbox 1983 3923 2208 3978; x_wconf 87' lang='lat' dir='ltr'><strong>versitas</strong></span> <span class='ocrx_word' id='word_1_632' title='bbox 2250 3920 2353 3976; x_wconf 87' lang='lat' dir='ltr'><strong>fide</strong></span> <span class='ocrx_word' id='word_1_633' title='bbox 2395 3926 2571 3988; x_wconf 90' lang='lat' dir='ltr'><strong>potest</strong></span> <span class='ocrx_word' id='word_1_634' title='bbox 2617 3913 2842 3970; x_wconf 25' lang='lat' dir='ltr'><strong>inveniri</strong></span> <span class='ocrx_word' id='word_1_635' title='bbox 2893 3910 3164 3979; x_wconf 90' lang='lat' dir='ltr'><strong>superior,</strong></span> <span class='ocrx_word' id='word_1_636' title='bbox 3217 3920 3336 3960; x_wconf 91' lang='lat' dir='ltr'><strong>cum</strong></span> <span class='ocrx_word' id='word_1_637' title='bbox 3387 3902 3574 3956; x_wconf 88' lang='lat' dir='ltr'><strong>beatus</strong></span> 
     </span>
    </p>
   </div>
   <div class='ocr_carea' id='block_1_84' title="bbox 1986 3998 3573 4083">
    <p class='ocr_par' dir='ltr' id='par_1_84' title="bbox 1986 3998 3573 4083">
     <span class='ocr_line' id='line_1_84' title="bbox 1986 3998 3573 4083; baseline -0.017 -12"><span class='ocrx_word' id='word_1_638' title='bbox 1986 4017 2181 4071; x_wconf 89' lang='lat' dir='ltr'><strong>Paulus</strong></span> <span class='ocrx_word' id='word_1_639' title='bbox 2223 4014 2518 4083; x_wconf 76' lang='lat' dir='ltr'><strong>apostolus,</strong></span> <span class='ocrx_word' id='word_1_640' title='bbox 2574 4009 2823 4078; x_wconf 80' lang='lat' dir='ltr'><strong>magister</strong></span> <span class='ocrx_word' id='word_1_641' title='bbox 2869 4004 3104 4057; x_wconf 91' lang='lat' dir='ltr'><strong>omnium</strong></span> <span class='ocrx_word' id='word_1_642' title='bbox 3128 3998 3573 4054; x_wconf 85' lang='lat' dir='ltr'><strong>Christianorum,</strong></span> 
     </span>
    </p>
   </div>
   <div class='ocr_carea' id='block_1_85' title="bbox 1987 4084 3574 4176">
    <p class='ocr_par' dir='ltr' id='par_1_85' title="bbox 1987 4084 3574 4176">
     <span class='ocr_line' id='line_1_85' title="bbox 1987 4084 3574 4176; baseline -0.018 -12"><span class='ocrx_word' id='word_1_643' title='bbox 1987 4109 2130 4164; x_wconf 89' lang='lat' dir='ltr'><strong>dicat</strong></span> <span class='ocrx_word' id='word_1_644' title='bbox 2159 4107 2297 4176; x_wconf 92' lang='lat' dir='ltr'><strong>quod</strong></span> <span class='ocrx_word' id='word_1_645' title='bbox 2330 4103 2469 4174; x_wconf 91' lang='lat' dir='ltr'><strong>apud</strong></span> <span class='ocrx_word' id='word_1_646' title='bbox 2502 4101 2784 4156; x_wconf 88' lang='lat' dir='ltr'><strong>Dominum</strong></span> <span class='ocrx_word' id='word_1_647' title='bbox 2830 4111 2932 4150; x_wconf 87' lang='lat' dir='ltr'><strong>non</strong></span> <span class='ocrx_word' id='word_1_648' title='bbox 2961 4095 3029 4148; x_wconf 89' lang='lat' dir='ltr'><strong>sit</strong></span> <span class='ocrx_word' id='word_1_649' title='bbox 3059 4090 3310 4148; x_wconf 90' lang='lat' dir='ltr'><strong>discretio</strong></span> <span class='ocrx_word' id='word_1_650' title='bbox 3351 4084 3574 4141; x_wconf 90' lang='lat' dir='ltr'><strong>masculi</strong></span> 
     </span>
    </p>
   </div>
   <div class='ocr_carea' id='block_1_86' title="bbox 1987 4185 3576 4261">
    <p class='ocr_par' dir='ltr' id='par_1_86' title="bbox 1987 4185 3576 4261">
     <span class='ocr_line' id='line_1_86' title="bbox 1987 4185 3576 4261; baseline -0.019 -5"><span class='ocrx_word' id='word_1_651' title='bbox 1987 4211 2041 4256; x_wconf 91' lang='lat' dir='ltr'><strong>et</strong></span> <span class='ocrx_word' id='word_1_652' title='bbox 2078 4199 2315 4261; x_wconf 77' lang='lat' dir='ltr'><strong>feminae,</strong></span> <span class='ocrx_word' id='word_1_653' title='bbox 2371 4208 2558 4248; x_wconf 89' lang='lat' dir='ltr'><strong>omnes</strong></span> <span class='ocrx_word' id='word_1_654' title='bbox 2611 4192 2754 4245; x_wconf 89' lang='lat' dir='ltr'><strong>enim</strong></span> <span class='ocrx_word' id='word_1_655' title='bbox 2805 4189 2856 4241; x_wconf 92' lang='lat' dir='ltr'><strong>in</strong></span> <span class='ocrx_word' id='word_1_656' title='bbox 2912 4185 3129 4240; x_wconf 88' lang='lat' dir='ltr'><strong>Christo</strong></span> <span class='ocrx_word' id='word_1_657' title='bbox 3178 4195 3344 4234; x_wconf 90' lang='lat' dir='ltr'><strong>unum</strong></span> <span class='ocrx_word' id='word_1_658' title='bbox 3392 4189 3576 4231; x_wconf 88' lang='lat' dir='ltr'><strong>sumus</strong></span> 
     </span>
    </p>
   </div>
   <div class='ocr_carea' id='block_1_87' title="bbox 1990 4273 3576 4361">
    <p class='ocr_par' dir='ltr' id='par_1_87' title="bbox 1990 4273 3576 4361">
     <span class='ocr_line' id='line_1_87' title="bbox 1990 4273 3576 4361; baseline -0.018 -14"><span class='ocrx_word' id='word_1_659' title='bbox 1990 4292 2190 4361; x_wconf 85' lang='lat' dir='ltr'><strong>(Galat.</strong></span> <span class='ocrx_word' id='word_1_660' title='bbox 2218 4290 2319 4359; x_wconf 84' lang='lat' dir='ltr'><strong>tu).</strong></span> <span class='ocrx_word' id='word_1_661' title='bbox 2358 4288 2524 4356; x_wconf 82' lang='lat' dir='ltr'><strong>Hujus</strong></span> <span class='ocrx_word' id='word_1_662' title='bbox 2553 4299 2682 4354; x_wconf 87' lang='lat' dir='ltr'><strong>ergo</strong></span> <span class='ocrx_word' id='word_1_663' title='bbox 2714 4295 2952 4335; x_wconf 87' lang='lat' dir='ltr'><strong>normam</strong></span> <span class='ocrx_word' id='word_1_664' title='bbox 2987 4278 3166 4330; x_wconf 91' lang='lat' dir='ltr'><strong>animo</strong></span> <span class='ocrx_word' id='word_1_665' title='bbox 3195 4273 3433 4326; x_wconf 88' lang='lat' dir='ltr'><strong>fervente</strong></span> <span class='ocrx_word' id='word_1_666' title='bbox 3453 4283 3576 4322; x_wconf 87' lang='lat' dir='ltr'><strong>sus-</strong></span> 
     </span>
    </p>
   </div>
   <div class='ocr_carea' id='block_1_88' title="bbox 1987 4358 3577 4453">
    <p class='ocr_par' dir='ltr' id='par_1_88' title="bbox 1987 4358 3577 4453">
     <span class='ocr_line' id='line_1_88' title="bbox 1987 4358 3577 4453; baseline -0.018 -14"><span class='ocrx_word' id='word_1_667' title='bbox 1987 4358 2127 4453; x_wconf 86' lang='lat' dir='ltr'><strong>cepi,</strong></span> <span class='ocrx_word' id='word_1_668' title='bbox 2158 4393 2210 4437; x_wconf 90' lang='lat' dir='ltr'><strong>et</strong></span> <span class='ocrx_word' id='word_1_669' title='bbox 2249 4397 2313 4434; x_wconf 80' lang='lat' dir='ltr'><strong>ex</strong></span> <span class='ocrx_word' id='word_1_670' title='bbox 2342 4378 2665 4435; x_wconf 86' lang='lat' dir='ltr'><strong>confidentia</strong></span> <span class='ocrx_word' id='word_1_671' title='bbox 2697 4389 2855 4443; x_wconf 87' lang='lat' dir='ltr'><strong>quam</strong></span> <span class='ocrx_word' id='word_1_672' title='bbox 2889 4373 2940 4423; x_wconf 94' lang='lat' dir='ltr'><strong>in</strong></span> <span class='ocrx_word' id='word_1_673' title='bbox 2972 4368 3185 4422; x_wconf 90' lang='lat' dir='ltr'><strong>Christo</strong></span> <span class='ocrx_word' id='word_1_674' title='bbox 3217 4363 3400 4426; x_wconf 90' lang='lat' dir='ltr'><strong>habui,</strong></span> <span class='ocrx_word' id='word_1_675' title='bbox 3430 4358 3577 4413; x_wconf 87' lang='lat' dir='ltr'><strong>nolui</strong></span> 
     </span>
    </p>
   </div>
   <div class='ocr_carea' id='block_1_89' title="bbox 1988 4456 3579 4540">
    <p class='ocr_par' dir='ltr' id='par_1_89' title="bbox 1988 4456 3579 4540">
     <span class='ocr_line' id='line_1_89' title="bbox 1988 4456 3579 4540; baseline -0.017 -6"><span class='ocrx_word' id='word_1_676' title='bbox 1988 4495 2107 4535; x_wconf 87' lang='lat' dir='ltr'><strong>esse</strong></span> <span class='ocrx_word' id='word_1_677' title='bbox 2138 4477 2355 4537; x_wconf 89' lang='lat' dir='ltr'><strong>femina.</strong></span> <span class='ocrx_word' id='word_1_678' title='bbox 2397 4475 2491 4528; x_wconf 87' lang='lat' dir='ltr'><strong>sed</strong></span> <span class='ocrx_word' id='word_1_679' title='bbox 2519 4471 2878 4540; x_wconf 83' lang='lat' dir='ltr'><strong>virginitatem</strong></span> <span class='ocrx_word' id='word_1_680' title='bbox 2910 4462 3301 4518; x_wconf 75' lang='lat' dir='ltr'><strong>immaculatum</strong></span> <span class='ocrx_word' id='word_1_681' title='bbox 3333 4467 3437 4511; x_wconf 85' lang='lat' dir='ltr'><strong>tota</strong></span> <span class='ocrx_word' id='word_1_682' title='bbox 3463 4456 3579 4509; x_wconf 83' lang='lat' dir='ltr'><strong>ani-</strong></span> 
     </span>
    </p>
   </div>
   <div class='ocr_carea' id='block_1_90' title="bbox 317 4546 3578 4652">
    <p class='ocr_par' dir='ltr' id='par_1_90' title="bbox 317 4546 3578 4652">
     <span class='ocr_line' id='line_1_90' title="bbox 317 4546 3578 4652; baseline -0.002 -17"><span class='ocrx_word' id='word_1_683' title='bbox 317 4583 420 4636; x_wconf 91' lang='lat' dir='ltr'><strong>lem</strong></span> <span class='ocrx_word' id='word_1_684' title='bbox 454 4585 786 4637; x_wconf 86' lang='lat' dir='ltr'><strong>fraudulenta</strong></span> <span class='ocrx_word' id='word_1_685' title='bbox 813 4585 1003 4639; x_wconf 88' lang='lat' dir='ltr'><strong>astutia</strong></span> <span class='ocrx_word' id='word_1_686' title='bbox 1035 4584 1293 4652; x_wconf 82' lang='lat' dir='ltr'><strong>capiatis?</strong></span> <span class='ocrx_word' id='word_1_687' title='bbox 1315 4584 1408 4638; x_wconf 89' lang='lat' dir='ltr'><strong>Dic</strong></span> <span class='ocrx_word' id='word_1_688' title='bbox 1439 4598 1611 4647; x_wconf 93' lang='lat' dir='ltr'><strong>nunc,</strong></span> <span class='ocrx_word' id='word_1_689' title='bbox 1645 4583 1884 4649; x_wconf 85' lang='lat' dir='ltr'><strong>furcifer,</strong></span> <span class='ocrx_word' id='word_1_690' title='bbox 1919 4569 1968 4628; x_wconf 85' lang='lat' dir='ltr'><strong>D</strong></span> <span class='ocrx_word' id='word_1_691' title='bbox 1995 4573 2064 4624; x_wconf 81' lang='lat' dir='ltr'><strong>mi</strong></span> <span class='ocrx_word' id='word_1_692' title='bbox 2092 4568 2386 4623; x_wconf 76' lang='grc' dir='ltr'><strong>ἱηῑθηιὶυιιθ</strong></span> <span class='ocrx_word' id='word_1_693' title='bbox 2413 4576 2758 4625; x_wconf 62' lang='lat' dir='ltr'><strong>conservans.</strong></span> <span class='ocrx_word' id='word_1_694' title='bbox 2794 4559 2966 4652; x_wconf 50' lang='lat' dir='ltr'><strong>Vim&quot;)</strong></span> <span class='ocrx_word' id='word_1_695' title='bbox 3002 4553 3144 4624; x_wconf 62' lang='lat' dir='ltr'><strong>8955i</strong></span> <span class='ocrx_word' id='word_1_696' title='bbox 3185 4546 3578 4652; x_wconf 46' lang='grc' dir='ltr'><strong>ςοηδξθηίιθξίη</strong></span> 
     </span>
    </p>
   </div>
   <div class='ocr_carea' id='block_1_91' title="bbox 309 4672 1887 4744">
    <p class='ocr_par' dir='ltr' id='par_1_91' title="bbox 309 4672 1887 4744">
     <span class='ocr_line' id='line_1_91' title="bbox 309 4672 1887 4744; baseline 0.001 -20"><span class='ocrx_word' id='word_1_697' title='bbox 309 4689 425 4734; x_wconf 71' lang='lat' dir='ltr'><strong>qua:</strong></span> <span class='ocrx_word' id='word_1_698' title='bbox 462 4686 517 4726; x_wconf 87' lang='lat' dir='ltr'><strong>te</strong></span> <span class='ocrx_word' id='word_1_699' title='bbox 549 4683 819 4728; x_wconf 88' lang='lat' dir='ltr'><strong>temerttas</strong></span> <span class='ocrx_word' id='word_1_700' title='bbox 862 4675 1063 4744; x_wconf 84' lang='lat' dir='ltr'><strong>coegit,</strong></span> <span class='ocrx_word' id='word_1_701' title='bbox 1099 4685 1156 4728; x_wconf 91' lang='lat' dir='ltr'><strong>ut</strong></span> <span class='ocrx_word' id='word_1_702' title='bbox 1189 4675 1451 4728; x_wconf 90' lang='lat' dir='ltr'><strong>illustrem</strong></span> <span class='ocrx_word' id='word_1_703' title='bbox 1498 4672 1746 4728; x_wconf 90' lang='lat' dir='ltr'><strong>feminam</strong></span> <span class='ocrx_word' id='word_1_704' title='bbox 1779 4674 1887 4726; x_wconf 67' lang='lat' dir='ltr'><strong>Ble-</strong></span> 
     </span>
    </p>
   </div>
   <div class='ocr_carea' id='block_1_92' title="bbox 310 4765 1883 4836">
    <p class='ocr_par' dir='ltr' id='par_1_92' title="bbox 310 4765 1883 4836">
     <span class='ocr_line' id='line_1_92' title="bbox 310 4765 1883 4836; baseline 0 -18"><span class='ocrx_word' id='word_1_705' title='bbox 310 4765 568 4818; x_wconf 89' lang='lat' dir='ltr'><strong>lanthiam</strong></span> <span class='ocrx_word' id='word_1_706' title='bbox 598 4775 896 4834; x_wconf 87' lang='lat' dir='ltr'><strong>appeteres,</strong></span> <span class='ocrx_word' id='word_1_707' title='bbox 927 4778 980 4820; x_wconf 90' lang='lat' dir='ltr'><strong>et</strong></span> <span class='ocrx_word' id='word_1_708' title='bbox 1006 4769 1276 4836; x_wconf 87' lang='lat' dir='ltr'><strong>ingressus</strong></span> <span class='ocrx_word' id='word_1_709' title='bbox 1307 4767 1414 4821; x_wconf 92' lang='lat' dir='ltr'><strong>sub</strong></span> <span class='ocrx_word' id='word_1_710' title='bbox 1444 4767 1623 4833; x_wconf 89' lang='lat' dir='ltr'><strong>specie</strong></span> <span class='ocrx_word' id='word_1_711' title='bbox 1654 4766 1883 4833; x_wconf 90' lang='lat' dir='ltr'><strong>medici,</strong></span> 
     </span>
    </p>
   </div>
   <div class='ocr_carea' id='block_1_93' title="bbox 311 4853 1886 4926">
    <p class='ocr_par' dir='ltr' id='par_1_93' title="bbox 311 4853 1886 4926">
     <span class='ocr_line' id='line_1_93' title="bbox 311 4853 1886 4926; baseline 0.002 -20"><span class='ocrx_word' id='word_1_712' title='bbox 311 4853 614 4907; x_wconf 82' lang='lat' dir='ltr'><strong>castitatem</strong></span> <span class='ocrx_word' id='word_1_713' title='bbox 660 4856 1123 4922; x_wconf 87' lang='lat' dir='ltr'><strong>generosissimam</strong></span> <span class='ocrx_word' id='word_1_714' title='bbox 1169 4858 1235 4910; x_wconf 88' lang='lat' dir='ltr'><strong>ad</strong></span> <span class='ocrx_word' id='word_1_715' title='bbox 1277 4857 1608 4925; x_wconf 90' lang='lat' dir='ltr'><strong>lupanariatn</strong></span> <span class='ocrx_word' id='word_1_716' title='bbox 1653 4857 1886 4926; x_wconf 86' lang='lat' dir='ltr'><strong>ignomi-</strong></span> 
     </span>
    </p>
   </div>
   <div class='ocr_carea' id='block_1_94' title="bbox 313 4947 1888 5020">
    <p class='ocr_par' dir='ltr' id='par_1_94' title="bbox 313 4947 1888 5020">
     <span class='ocr_line' id='line_1_94' title="bbox 313 4947 1888 5020; baseline 0.004 -22"><span class='ocrx_word' id='word_1_717' title='bbox 313 4947 454 4998; x_wconf 82' lang='lat' dir='ltr'><strong>niam</strong></span> <span class='ocrx_word' id='word_1_718' title='bbox 488 4947 839 5013; x_wconf 83' lang='lat' dir='ltr'><strong>provocares?</strong></span> <span class='ocrx_word' id='word_1_719' title='bbox 875 4947 1108 5001; x_wconf 78' lang='lat' dir='ltr'><strong>Audiens</strong></span> <span class='ocrx_word' id='word_1_720' title='bbox 1144 4949 1257 5002; x_wconf 59' lang='lat' dir='ltr'><strong>hare</strong></span> <span class='ocrx_word' id='word_1_721' title='bbox 1297 4948 1452 5003; x_wconf 87' lang='lat' dir='ltr'><strong>beata</strong></span> <span class='ocrx_word' id='word_1_722' title='bbox 1491 4950 1726 5020; x_wconf 84' lang='lat' dir='ltr'><strong>Eugenia</strong></span> <span class='ocrx_word' id='word_1_723' title='bbox 1751 4991 1766 5016; x_wconf 89' lang='lat'><strong>,</strong></span> <span class='ocrx_word' id='word_1_724' title='bbox 1800 4964 1888 5004; x_wconf 88' lang='lat' dir='ltr'><strong>ca-</strong></span> 
     </span>
    </p>
   </div>
   <div class='ocr_carea' id='block_1_95' title="bbox 315 5036 1890 5108">
    <p class='ocr_par' dir='ltr' id='par_1_95' title="bbox 315 5036 1890 5108">
     <span class='ocr_line' id='line_1_95' title="bbox 315 5036 1890 5108; baseline 0.004 -23"><span class='ocrx_word' id='word_1_725' title='bbox 315 5040 420 5105; x_wconf 85' lang='lat' dir='ltr'><strong>pite</strong></span> <span class='ocrx_word' id='word_1_726' title='bbox 442 5036 697 5102; x_wconf 87' lang='lat' dir='ltr'><strong>detuisso,</strong></span> <span class='ocrx_word' id='word_1_727' title='bbox 727 5051 792 5089; x_wconf 90' lang='lat' dir='ltr'><strong>ne</strong></span> <span class='ocrx_word' id='word_1_728' title='bbox 810 5037 974 5103; x_wconf 87' lang='lat' dir='ltr'><strong>possit</strong></span> <span class='ocrx_word' id='word_1_729' title='bbox 994 5037 1233 5104; x_wconf 84' lang='lat' dir='ltr'><strong>agnosci,</strong></span> <span class='ocrx_word' id='word_1_730' title='bbox 1260 5039 1439 5093; x_wconf 90' lang='lat' dir='ltr'><strong>taliter</strong></span> <span class='ocrx_word' id='word_1_731' title='bbox 1461 5039 1604 5092; x_wconf 90' lang='lat' dir='ltr'><strong>dedit</strong></span> <span class='ocrx_word' id='word_1_732' title='bbox 1635 5039 1890 5108; x_wconf 68' lang='lat' dir='ltr'><strong>prtefecto</strong></span> 
     </span>
    </p>
   </div>
   <div class='ocr_carea' id='block_1_96' title="bbox 314 5125 1894 5198">
    <p class='ocr_par' dir='ltr' id='par_1_96' title="bbox 314 5125 1894 5198">
     <span class='ocr_line' id='line_1_96' title="bbox 314 5125 1894 5198; baseline 0.002 -18"><span class='ocrx_word' id='word_1_733' title='bbox 314 5140 630 5194; x_wconf 86' lang='lat' dir='ltr'><strong>responsum</strong></span> <span class='ocrx_word' id='word_1_734' title='bbox 657 5143 672 5180; x_wconf 85' lang='lat'><strong>:</strong></span> <span class='ocrx_word' id='word_1_735' title='bbox 706 5125 968 5179; x_wconf 89' lang='lat' dir='ltr'><strong>Dominus</strong></span> <span class='ocrx_word' id='word_1_736' title='bbox 988 5141 1139 5180; x_wconf 90' lang='lat' dir='ltr'><strong>meus</strong></span> <span class='ocrx_word' id='word_1_737' title='bbox 1175 5126 1330 5182; x_wconf 82' lang='lat' dir='ltr'><strong>Iesus</strong></span> <span class='ocrx_word' id='word_1_738' title='bbox 1356 5128 1602 5182; x_wconf 91' lang='lat' dir='ltr'><strong>Christus</strong></span> <span class='ocrx_word' id='word_1_739' title='bbox 1629 5168 1644 5192; x_wconf 92' lang='lat'><strong>,</strong></span> <span class='ocrx_word' id='word_1_740' title='bbox 1677 5129 1763 5182; x_wconf 92' lang='lat' dir='ltr'><strong>cui</strong></span> <span class='ocrx_word' id='word_1_741' title='bbox 1791 5144 1894 5198; x_wconf 88' lang='lat' dir='ltr'><strong>ego</strong></span> 
     </span>
    </p>
   </div>
   <div class='ocr_carea' id='block_1_97' title="bbox 315 5218 1893 5288">
    <p class='ocr_par' dir='ltr' id='par_1_97' title="bbox 315 5218 1893 5288">
     <span class='ocr_line' id='line_1_97' title="bbox 315 5218 1893 5288; baseline 0.003 -17"><span class='ocrx_word' id='word_1_742' title='bbox 315 5219 490 5272; x_wconf 90' lang='lat' dir='ltr'><strong>servio</strong></span> <span class='ocrx_word' id='word_1_743' title='bbox 516 5261 531 5284; x_wconf 88' lang='lat'><strong>,</strong></span> <span class='ocrx_word' id='word_1_744' title='bbox 564 5218 862 5272; x_wconf 88' lang='lat' dir='ltr'><strong>castitatem</strong></span> <span class='ocrx_word' id='word_1_745' title='bbox 909 5218 1124 5281; x_wconf 89' lang='lat' dir='ltr'><strong>docuit,</strong></span> <span class='ocrx_word' id='word_1_746' title='bbox 1153 5226 1209 5272; x_wconf 91' lang='lat' dir='ltr'><strong>et</strong></span> <span class='ocrx_word' id='word_1_747' title='bbox 1252 5219 1608 5287; x_wconf 82' lang='lat' dir='ltr'><strong>integritatem</strong></span> <span class='ocrx_word' id='word_1_748' title='bbox 1652 5221 1893 5288; x_wconf 91' lang='lat' dir='ltr'><strong>corporis</strong></span> 
     </span>
    </p>
   </div>
   <div class='ocr_carea' id='block_1_98' title="bbox 316 5309 1892 5378">
    <p class='ocr_par' dir='ltr' id='par_1_98' title="bbox 316 5309 1892 5378">
     <span class='ocr_line' id='line_1_98' title="bbox 316 5309 1892 5378; baseline 0.003 -16"><span class='ocrx_word' id='word_1_749' title='bbox 316 5310 739 5363; x_wconf 88' lang='lat' dir='ltr'><strong>custodientibus</strong></span> <span class='ocrx_word' id='word_1_750' title='bbox 761 5309 922 5363; x_wconf 90' lang='lat' dir='ltr'><strong>vitam</strong></span> <span class='ocrx_word' id='word_1_751' title='bbox 953 5310 1212 5378; x_wconf 89' lang='lat' dir='ltr'><strong>promittit</strong></span> <span class='ocrx_word' id='word_1_752' title='bbox 1241 5323 1518 5365; x_wconf 87' lang='lat' dir='ltr'><strong>aeternam.</strong></span> <span class='ocrx_word' id='word_1_753' title='bbox 1546 5311 1692 5366; x_wconf 89' lang='lat' dir='ltr'><strong>Hanc</strong></span> <span class='ocrx_word' id='word_1_754' title='bbox 1714 5321 1892 5366; x_wconf 89' lang='lat' dir='ltr'><strong>autem</strong></span> 
     </span>
    </p>
   </div>
   <div class='ocr_carea' id='block_1_99' title="bbox 317 5400 1893 5470">
    <p class='ocr_par' dir='ltr' id='par_1_99' title="bbox 317 5400 1893 5470">
     <span class='ocr_line' id='line_1_99' title="bbox 317 5400 1893 5470; baseline 0.003 -18"><span class='ocrx_word' id='word_1_755' title='bbox 317 5400 656 5454; x_wconf 83' lang='lat' dir='ltr'><strong>Melantltiam</strong></span> <span class='ocrx_word' id='word_1_756' title='bbox 688 5400 870 5455; x_wconf 85' lang='lat' dir='ltr'><strong>falsam</strong></span> <span class='ocrx_word' id='word_1_757' title='bbox 898 5410 1091 5455; x_wconf 90' lang='lat' dir='ltr'><strong>testem</strong></span> <span class='ocrx_word' id='word_1_758' title='bbox 1121 5415 1260 5454; x_wconf 91' lang='lat' dir='ltr'><strong>nunc</strong></span> <span class='ocrx_word' id='word_1_759' title='bbox 1289 5416 1572 5470; x_wconf 90' lang='lat' dir='ltr'><strong>possumus</strong></span> <span class='ocrx_word' id='word_1_760' title='bbox 1601 5402 1893 5467; x_wconf 88' lang='lat' dir='ltr'><strong>declarare,</strong></span> 
     </span>
    </p>
   </div>
   <div class='ocr_carea' id='block_1_100' title="bbox 320 5493 1894 5564">
    <p class='ocr_par' dir='ltr' id='par_1_100' title="bbox 320 5493 1894 5564">
     <span class='ocr_line' id='line_1_100' title="bbox 320 5493 1894 5564; baseline 0.001 -16"><span class='ocrx_word' id='word_1_761' title='bbox 320 5494 410 5548; x_wconf 84' lang='lat' dir='ltr'><strong>sed</strong></span> <span class='ocrx_word' id='word_1_762' title='bbox 436 5495 626 5548; x_wconf 90' lang='lat' dir='ltr'><strong>melius</strong></span> <span class='ocrx_word' id='word_1_763' title='bbox 647 5503 730 5548; x_wconf 89' lang='lat' dir='ltr'><strong>est</strong></span> <span class='ocrx_word' id='word_1_764' title='bbox 760 5503 816 5548; x_wconf 93' lang='lat' dir='ltr'><strong>ut</strong></span> <span class='ocrx_word' id='word_1_765' title='bbox 845 5507 942 5548; x_wconf 89' lang='lat' dir='ltr'><strong>nos</strong></span> <span class='ocrx_word' id='word_1_766' title='bbox 970 5493 1235 5562; x_wconf 86' lang='lat' dir='ltr'><strong>patiamur</strong></span> <span class='ocrx_word' id='word_1_767' title='bbox 1264 5494 1402 5548; x_wconf 90' lang='lat' dir='ltr'><strong>mala</strong></span> <span class='ocrx_word' id='word_1_768' title='bbox 1436 5509 1596 5564; x_wconf 90' lang='lat' dir='ltr'><strong>quam</strong></span> <span class='ocrx_word' id='word_1_769' title='bbox 1623 5495 1733 5564; x_wconf 79' lang='lat' dir='ltr'><strong>illa,</strong></span> <span class='ocrx_word' id='word_1_770' title='bbox 1768 5494 1894 5550; x_wconf 90' lang='lat' dir='ltr'><strong>dum</strong></span> 
     </span>
    </p>
   </div>
   <div class='ocr_carea' id='block_1_101' title="bbox 318 5584 1897 5656">
    <p class='ocr_par' dir='ltr' id='par_1_101' title="bbox 318 5584 1897 5656">
     <span class='ocr_line' id='line_1_101' title="bbox 318 5584 1897 5656; baseline 0 -16"><span class='ocrx_word' id='word_1_771' title='bbox 318 5587 562 5641; x_wconf 87' lang='lat' dir='ltr'><strong>convicta</strong></span> <span class='ocrx_word' id='word_1_772' title='bbox 591 5585 790 5650; x_wconf 90' lang='lat' dir='ltr'><strong>fuerit,</strong></span> <span class='ocrx_word' id='word_1_773' title='bbox 835 5585 1034 5655; x_wconf 75' lang='lat' dir='ltr'><strong>aliquid</strong></span> <span class='ocrx_word' id='word_1_774' title='bbox 1068 5586 1304 5655; x_wconf 90' lang='lat' dir='ltr'><strong>patiatur</strong></span> <span class='ocrx_word' id='word_1_775' title='bbox 1326 5627 1341 5651; x_wconf 94' lang='lat'><strong>,</strong></span> <span class='ocrx_word' id='word_1_776' title='bbox 1377 5601 1443 5641; x_wconf 93' lang='lat' dir='ltr'><strong>ne</strong></span> <span class='ocrx_word' id='word_1_777' title='bbox 1477 5595 1529 5640; x_wconf 89' lang='lat' dir='ltr'><strong>et</strong></span> <span class='ocrx_word' id='word_1_778' title='bbox 1567 5584 1770 5641; x_wconf 86' lang='lat' dir='ltr'><strong>fructus</strong></span> <span class='ocrx_word' id='word_1_779' title='bbox 1805 5601 1897 5656; x_wconf 89' lang='lat' dir='ltr'><strong>pa-</strong></span> 
     </span>
    </p>
   </div>
   <div class='ocr_carea' id='block_1_102' title="bbox 319 5678 1898 5750">
    <p class='ocr_par' dir='ltr' id='par_1_102' title="bbox 319 5678 1898 5750">
     <span class='ocr_line' id='line_1_102' title="bbox 319 5678 1898 5750; baseline 0.001 -19"><span class='ocrx_word' id='word_1_780' title='bbox 319 5679 518 5733; x_wconf 75' lang='lat' dir='ltr'><strong>tientia:</strong></span> <span class='ocrx_word' id='word_1_781' title='bbox 549 5686 746 5733; x_wconf 76' lang='lat' dir='ltr'><strong>nostra:</strong></span> <span class='ocrx_word' id='word_1_782' title='bbox 795 5678 1075 5748; x_wconf 87' lang='lat' dir='ltr'><strong>depereat;</strong></span> <span class='ocrx_word' id='word_1_783' title='bbox 1126 5679 1223 5733; x_wconf 87' lang='lat' dir='ltr'><strong>sed</strong></span> <span class='ocrx_word' id='word_1_784' title='bbox 1279 5687 1454 5734; x_wconf 83' lang='lat' dir='ltr'><strong>tamen</strong></span> <span class='ocrx_word' id='word_1_785' title='bbox 1478 5723 1490 5745; x_wconf 92' lang='lat'><strong>,</strong></span> <span class='ocrx_word' id='word_1_786' title='bbox 1519 5679 1564 5734; x_wconf 89' lang='lat' dir='ltr'><strong>si</strong></span> <span class='ocrx_word' id='word_1_787' title='bbox 1608 5696 1700 5750; x_wconf 90' lang='lat' dir='ltr'><strong>per</strong></span> <span class='ocrx_word' id='word_1_788' title='bbox 1732 5682 1898 5734; x_wconf 87' lang='lat' dir='ltr'><strong>victo-</strong></span> 
     </span>
    </p>
   </div>
   <div class='ocr_carea' id='block_1_103' title="bbox 322 5768 1896 5841">
    <p class='ocr_par' dir='ltr' id='par_1_103' title="bbox 322 5768 1896 5841">
     <span class='ocr_line' id='line_1_103' title="bbox 322 5768 1896 5841; baseline 0.003 -19"><span class='ocrx_word' id='word_1_789' title='bbox 322 5768 452 5822; x_wconf 88' lang='lat' dir='ltr'><strong>riam</strong></span> <span class='ocrx_word' id='word_1_790' title='bbox 477 5770 774 5840; x_wconf 80' lang='lat' dir='ltr'><strong>principum</strong></span> <span class='ocrx_word' id='word_1_791' title='bbox 799 5778 1021 5827; x_wconf 83' lang='lat' dir='ltr'><strong>testetur</strong></span> <span class='ocrx_word' id='word_1_792' title='bbox 1045 5779 1219 5827; x_wconf 84' lang='lat' dir='ltr'><strong>vestra</strong></span> <span class='ocrx_word' id='word_1_793' title='bbox 1239 5771 1541 5829; x_wconf 86' lang='lat' dir='ltr'><strong>sublimitas</strong></span> <span class='ocrx_word' id='word_1_794' title='bbox 1572 5772 1710 5839; x_wconf 86' lang='lat' dir='ltr'><strong>quod</strong></span> <span class='ocrx_word' id='word_1_795' title='bbox 1737 5771 1896 5841; x_wconf 63' lang='lat'><strong>345</strong></span> 
     </span>
    </p>
   </div>
   <div class='ocr_carea' id='block_1_104' title="bbox 1995 4635 3580 4715">
    <p class='ocr_par' dir='ltr' id='par_1_104' title="bbox 1995 4635 3580 4715">
     <span class='ocr_line' id='line_1_104' title="bbox 1995 4635 3580 4715; baseline -0.018 0"><span class='ocrx_word' id='word_1_796' title='bbox 1995 4659 2230 4715; x_wconf 91' lang='lat' dir='ltr'><strong>Christo.</strong></span> <span class='ocrx_word' id='word_1_797' title='bbox 2262 4658 2375 4712; x_wconf 85' lang='lat' dir='ltr'><strong>Non</strong></span> <span class='ocrx_word' id='word_1_798' title='bbox 2408 4657 2551 4711; x_wconf 92' lang='lat' dir='ltr'><strong>enim</strong></span> <span class='ocrx_word' id='word_1_799' title='bbox 2583 4651 2896 4708; x_wconf 83' lang='lat' dir='ltr'><strong>infrunitam</strong></span> <span class='ocrx_word' id='word_1_800' title='bbox 2941 4643 3238 4699; x_wconf 89' lang='lat' dir='ltr'><strong>honestatis</strong></span> <span class='ocrx_word' id='word_1_801' title='bbox 3288 4635 3580 4693; x_wconf 85' lang='lat' dir='ltr'><strong>simulatio-</strong></span> 
     </span>
    </p>
   </div>
   <div class='ocr_carea' id='block_1_105' title="bbox 1998 4731 3580 4825">
    <p class='ocr_par' dir='ltr' id='par_1_105' title="bbox 1998 4731 3580 4825">
     <span class='ocr_line' id='line_1_105' title="bbox 1998 4731 3580 4825; baseline -0.021 -9"><span class='ocrx_word' id='word_1_802' title='bbox 1998 4777 2116 4816; x_wconf 89' lang='lat' dir='ltr'><strong>nem</strong></span> <span class='ocrx_word' id='word_1_803' title='bbox 2158 4757 2441 4825; x_wconf 56' lang='lat' dir='ltr'><strong>assumpsi,</strong></span> <span class='ocrx_word' id='word_1_804' title='bbox 2468 4765 2524 4808; x_wconf 91' lang='lat' dir='ltr'><strong>ttt</strong></span> <span class='ocrx_word' id='word_1_805' title='bbox 2553 4755 2633 4807; x_wconf 92' lang='lat' dir='ltr'><strong>vir</strong></span> <span class='ocrx_word' id='word_1_806' title='bbox 2663 4753 2912 4805; x_wconf 91' lang='lat' dir='ltr'><strong>feminam</strong></span> <span class='ocrx_word' id='word_1_807' title='bbox 2961 4741 3267 4800; x_wconf 90' lang='lat' dir='ltr'><strong>simularem</strong></span> <span class='ocrx_word' id='word_1_808' title='bbox 3296 4755 3309 4801; x_wconf 95' lang='lat'><strong>;</strong></span> <span class='ocrx_word' id='word_1_809' title='bbox 3361 4733 3453 4788; x_wconf 88' lang='lat' dir='ltr'><strong>sed</strong></span> <span class='ocrx_word' id='word_1_810' title='bbox 3500 4731 3580 4785; x_wconf 86' lang='lat' dir='ltr'><strong>fe-</strong></span> 
     </span>
    </p>
   </div>
   <div class='ocr_carea' id='block_1_106' title="bbox 1997 4828 3581 4914">
    <p class='ocr_par' dir='ltr' id='par_1_106' title="bbox 1997 4828 3581 4914">
     <span class='ocr_line' id='line_1_106' title="bbox 1997 4828 3581 4914; baseline -0.02 -8"><span class='ocrx_word' id='word_1_811' title='bbox 1997 4852 2139 4906; x_wconf 92' lang='lat' dir='ltr'><strong>mina</strong></span> <span class='ocrx_word' id='word_1_812' title='bbox 2159 4851 2382 4904; x_wconf 87' lang='lat' dir='ltr'><strong>viriliter</strong></span> <span class='ocrx_word' id='word_1_813' title='bbox 2411 4845 2641 4914; x_wconf 86' lang='lat' dir='ltr'><strong>agendo,</strong></span> <span class='ocrx_word' id='word_1_814' title='bbox 2675 4844 2848 4895; x_wconf 87' lang='lat' dir='ltr'><strong>virutn</strong></span> <span class='ocrx_word' id='word_1_815' title='bbox 2878 4834 3044 4905; x_wconf 88' lang='lat' dir='ltr'><strong>gessi,</strong></span> <span class='ocrx_word' id='word_1_816' title='bbox 3075 4828 3431 4897; x_wconf 87' lang='lat' dir='ltr'><strong>virginitatem</strong></span> <span class='ocrx_word' id='word_1_817' title='bbox 3463 4836 3581 4889; x_wconf 69' lang='lat' dir='ltr'><strong>quae</strong></span> 
     </span>
    </p>
   </div>
   <div class='ocr_carea' id='block_1_107' title="bbox 1997 4917 3578 5003">
    <p class='ocr_par' dir='ltr' id='par_1_107' title="bbox 1997 4917 3578 5003">
     <span class='ocr_line' id='line_1_107' title="bbox 1997 4917 3578 5003; baseline -0.02 -4"><span class='ocrx_word' id='word_1_818' title='bbox 1997 4947 2050 5000; x_wconf 93' lang='lat' dir='ltr'><strong>in</strong></span> <span class='ocrx_word' id='word_1_819' title='bbox 2080 4943 2293 4998; x_wconf 84' lang='lat' dir='ltr'><strong>Christo</strong></span> <span class='ocrx_word' id='word_1_820' title='bbox 2334 4949 2415 4994; x_wconf 90' lang='lat' dir='ltr'><strong>est</strong></span> <span class='ocrx_word' id='word_1_821' title='bbox 2445 4938 2651 4992; x_wconf 87' lang='lat' dir='ltr'><strong>fortiter</strong></span> <span class='ocrx_word' id='word_1_822' title='bbox 2681 4929 3072 5003; x_wconf 89' lang='lat' dir='ltr'><strong>amp&#39;ecteudo.</strong></span> <span class='ocrx_word' id='word_1_823' title='bbox 3108 4925 3172 4978; x_wconf 89' lang='lat' dir='ltr'><strong>Et</strong></span> <span class='ocrx_word' id='word_1_824' title='bbox 3212 4923 3326 4976; x_wconf 55' lang='lat' dir='ltr'><strong>haec</strong></span> <span class='ocrx_word' id='word_1_825' title='bbox 3372 4917 3578 4977; x_wconf 90' lang='lat' dir='ltr'><strong>dicens,</strong></span> 
     </span>
    </p>
   </div>
   <div class='ocr_carea' id='block_1_108' title="bbox 1998 5010 3582 5101">
    <p class='ocr_par' dir='ltr' id='par_1_108' title="bbox 1998 5010 3582 5101">
     <span class='ocr_line' id='line_1_108' title="bbox 1998 5010 3582 5101; baseline -0.019 -10"><span class='ocrx_word' id='word_1_826' title='bbox 1998 5037 2157 5092; x_wconf 88' lang='lat' dir='ltr'><strong>scidit</strong></span> <span class='ocrx_word' id='word_1_827' title='bbox 2183 5051 2213 5088; x_wconf 89' lang='lat' dir='ltr'><strong>a</strong></span> <span class='ocrx_word' id='word_1_828' title='bbox 2244 5034 2415 5101; x_wconf 90' lang='lat' dir='ltr'><strong>capite</strong></span> <span class='ocrx_word' id='word_1_829' title='bbox 2444 5031 2700 5092; x_wconf 90' lang='lat' dir='ltr'><strong>tunicam,</strong></span> <span class='ocrx_word' id='word_1_830' title='bbox 2733 5041 2834 5094; x_wconf 90' lang='lat' dir='ltr'><strong>qua</strong></span> <span class='ocrx_word' id='word_1_831' title='bbox 2873 5031 2987 5077; x_wconf 90' lang='lat' dir='ltr'><strong>erat</strong></span> <span class='ocrx_word' id='word_1_832' title='bbox 3016 5017 3220 5079; x_wconf 90' lang='lat' dir='ltr'><strong>induta,</strong></span> <span class='ocrx_word' id='word_1_833' title='bbox 3247 5022 3301 5067; x_wconf 88' lang='lat' dir='ltr'><strong>et</strong></span> <span class='ocrx_word' id='word_1_834' title='bbox 3339 5010 3582 5079; x_wconf 87' lang='lat' dir='ltr'><strong>apparuit</strong></span> 
     </span>
    </p>
   </div>
   <div class='ocr_carea' id='block_1_109' title="bbox 1999 5103 3580 5191">
    <p class='ocr_par' dir='ltr' id='par_1_109' title="bbox 1999 5103 3580 5191">
     <span class='ocr_line' id='line_1_109' title="bbox 1999 5103 3580 5191; baseline -0.019 -8"><span class='ocrx_word' id='word_1_835' title='bbox 1999 5129 2211 5183; x_wconf 85' lang='lat' dir='ltr'><strong>femina.</strong></span> <span class='ocrx_word' id='word_1_836' title='bbox 2248 5127 2310 5180; x_wconf 87' lang='lat' dir='ltr'><strong>Et</strong></span> <span class='ocrx_word' id='word_1_837' title='bbox 2333 5126 2509 5179; x_wconf 89' lang='lat' dir='ltr'><strong>statim</strong></span> <span class='ocrx_word' id='word_1_838' title='bbox 2539 5124 2605 5176; x_wconf 92' lang='lat' dir='ltr'><strong>ad</strong></span> <span class='ocrx_word' id='word_1_839' title='bbox 2635 5120 2942 5191; x_wconf 70' lang='lat' dir='ltr'><strong>praefectum</strong></span> <span class='ocrx_word' id='word_1_840' title='bbox 2968 5114 3078 5167; x_wconf 91' lang='lat' dir='ltr'><strong>ait:</strong></span> <span class='ocrx_word' id='word_1_841' title='bbox 3105 5110 3184 5163; x_wconf 89' lang='lat' dir='ltr'><strong>Tu</strong></span> <span class='ocrx_word' id='word_1_842' title='bbox 3214 5105 3343 5161; x_wconf 90' lang='lat' dir='ltr'><strong>mihi</strong></span> <span class='ocrx_word' id='word_1_843' title='bbox 3369 5103 3580 5172; x_wconf 86' lang='lat' dir='ltr'><strong>quidem</strong></span> 
     </span>
    </p>
   </div>
   <div class='ocr_carea' id='block_1_110' title="bbox 2000 5199 3586 5284">
    <p class='ocr_par' dir='ltr' id='par_1_110' title="bbox 2000 5199 3586 5284">
     <span class='ocr_line' id='line_1_110' title="bbox 2000 5199 3586 5284; baseline -0.018 -10"><span class='ocrx_word' id='word_1_844' title='bbox 2000 5221 2289 5274; x_wconf 89' lang='lat' dir='ltr'><strong>secundum</strong></span> <span class='ocrx_word' id='word_1_845' title='bbox 2315 5232 2530 5272; x_wconf 90' lang='lat' dir='ltr'><strong>carnem</strong></span> <span class='ocrx_word' id='word_1_846' title='bbox 2563 5223 2734 5284; x_wconf 88' lang='lat' dir='ltr'><strong>pater,</strong></span> <span class='ocrx_word' id='word_1_847' title='bbox 2759 5207 2978 5265; x_wconf 89' lang='lat' dir='ltr'><strong>Claudia</strong></span> <span class='ocrx_word' id='word_1_848' title='bbox 3007 5214 3178 5258; x_wconf 90' lang='lat' dir='ltr'><strong>mater</strong></span> <span class='ocrx_word' id='word_1_849' title='bbox 3194 5209 3298 5264; x_wconf 90' lang='lat' dir='ltr'><strong>est,</strong></span> <span class='ocrx_word' id='word_1_850' title='bbox 3321 5207 3375 5252; x_wconf 93' lang='lat' dir='ltr'><strong>et</strong></span> <span class='ocrx_word' id='word_1_851' title='bbox 3396 5199 3586 5248; x_wconf 86' lang='lat' dir='ltr'><strong>fratres</strong></span> 
     </span>
    </p>
   </div>
   <div class='ocr_carea' id='block_1_111' title="bbox 2001 5294 3582 5382">
    <p class='ocr_par' dir='ltr' id='par_1_111' title="bbox 2001 5294 3582 5382">
     <span class='ocr_line' id='line_1_111' title="bbox 2001 5294 3582 5382; baseline -0.016 -14"><span class='ocrx_word' id='word_1_852' title='bbox 2001 5314 2051 5368; x_wconf 89' lang='lat' dir='ltr'><strong>hi</strong></span> <span class='ocrx_word' id='word_1_853' title='bbox 2085 5315 2191 5368; x_wconf 85' lang='lat' dir='ltr'><strong>duo</strong></span> <span class='ocrx_word' id='word_1_854' title='bbox 2217 5313 2304 5382; x_wconf 88' lang='lat' dir='ltr'><strong>qui</strong></span> <span class='ocrx_word' id='word_1_855' title='bbox 2333 5323 2506 5366; x_wconf 90' lang='lat' dir='ltr'><strong>tecum</strong></span> <span class='ocrx_word' id='word_1_856' title='bbox 2537 5308 2749 5374; x_wconf 82' lang='lat' dir='ltr'><strong>sedent,</strong></span> <span class='ocrx_word' id='word_1_857' title='bbox 2783 5303 2967 5357; x_wconf 79' lang='lat' dir='ltr'><strong>Avitus</strong></span> <span class='ocrx_word' id='word_1_858' title='bbox 2996 5309 3048 5354; x_wconf 91' lang='lat' dir='ltr'><strong>et</strong></span> <span class='ocrx_word' id='word_1_859' title='bbox 3074 5296 3313 5366; x_wconf 83' lang='lat' dir='ltr'><strong>Sergius.</strong></span> <span class='ocrx_word' id='word_1_860' title='bbox 3351 5294 3461 5362; x_wconf 83' lang='lat' dir='ltr'><strong>Ego</strong></span> <span class='ocrx_word' id='word_1_861' title='bbox 3486 5306 3582 5382; x_wconf 69' lang='lat' dir='ltr'><strong>atr-</strong></span> 
     </span>
    </p>
   </div>
   <div class='ocr_carea' id='block_1_112' title="bbox 2002 5378 3586 5473">
    <p class='ocr_par' dir='ltr' id='par_1_112' title="bbox 2002 5378 3586 5473">
     <span class='ocr_line' id='line_1_112' title="bbox 2002 5378 3586 5473; baseline -0.018 -13"><span class='ocrx_word' id='word_1_862' title='bbox 2002 5415 2107 5461; x_wconf 89' lang='lat' dir='ltr'><strong>tem</strong></span> <span class='ocrx_word' id='word_1_863' title='bbox 2135 5378 2366 5473; x_wconf 37' lang='lat' dir='ltr'><strong>Eug‘cttia</strong></span> <span class='ocrx_word' id='word_1_864' title='bbox 2392 5401 2493 5455; x_wconf 88' lang='lat' dir='ltr'><strong>filia</strong></span> <span class='ocrx_word' id='word_1_865' title='bbox 2519 5409 2628 5465; x_wconf 89' lang='lat' dir='ltr'><strong>tua,</strong></span> <span class='ocrx_word' id='word_1_866' title='bbox 2654 5413 2770 5466; x_wconf 75' lang='lat' dir='ltr'><strong>qua:</strong></span> <span class='ocrx_word' id='word_1_867' title='bbox 2793 5409 2890 5464; x_wconf 89' lang='lat' dir='ltr'><strong>pro</strong></span> <span class='ocrx_word' id='word_1_868' title='bbox 2905 5405 3087 5446; x_wconf 90' lang='lat' dir='ltr'><strong>amore</strong></span> <span class='ocrx_word' id='word_1_869' title='bbox 3108 5384 3306 5443; x_wconf 88' lang='lat' dir='ltr'><strong>Christi</strong></span> <span class='ocrx_word' id='word_1_870' title='bbox 3330 5378 3586 5437; x_wconf 80' lang='lat' dir='ltr'><strong>mundum</strong></span> 
     </span>
    </p>
   </div>
   <div class='ocr_carea' id='block_1_113' title="bbox 2003 5485 3584 5554">
    <p class='ocr_par' dir='ltr' id='par_1_113' title="bbox 2003 5485 3584 5554">
     <span class='ocr_line' id='line_1_113' title="bbox 2003 5485 3584 5554; baseline -0.018 -1"><span class='ocrx_word' id='word_1_871' title='bbox 2003 5513 2216 5553; x_wconf 86' lang='lat' dir='ltr'><strong>onmem</strong></span> <span class='ocrx_word' id='word_1_872' title='bbox 2267 5510 2387 5549; x_wconf 85' lang='lat' dir='ltr'><strong>cum</strong></span> <span class='ocrx_word' id='word_1_873' title='bbox 2439 5489 2642 5547; x_wconf 87' lang='lat' dir='ltr'><strong>deliciis</strong></span> <span class='ocrx_word' id='word_1_874' title='bbox 2680 5489 2791 5543; x_wconf 90' lang='lat' dir='ltr'><strong>suis</strong></span> <span class='ocrx_word' id='word_1_875' title='bbox 2836 5485 3012 5554; x_wconf 90' lang='lat' dir='ltr'><strong>respui</strong></span> <span class='ocrx_word' id='word_1_876' title='bbox 3067 5492 3318 5548; x_wconf 84' lang='lat' dir='ltr'><strong>tanquam</strong></span> <span class='ocrx_word' id='word_1_877' title='bbox 3358 5485 3584 5528; x_wconf 89' lang='lat' dir='ltr'><strong>stercus.</strong></span> 
     </span>
    </p>
   </div>
   <div class='ocr_carea' id='block_1_114' title="bbox 2005 5564 3587 5654">
    <p class='ocr_par' dir='ltr' id='par_1_114' title="bbox 2005 5564 3587 5654">
     <span class='ocr_line' id='line_1_114' title="bbox 2005 5564 3587 5654; baseline -0.02 -8"><span class='ocrx_word' id='word_1_878' title='bbox 2005 5591 2142 5646; x_wconf 85' lang='lat' dir='ltr'><strong>Ecce</strong></span> <span class='ocrx_word' id='word_1_879' title='bbox 2163 5590 2356 5642; x_wconf 87' lang='lat' dir='ltr'><strong>Protus</strong></span> <span class='ocrx_word' id='word_1_880' title='bbox 2385 5594 2439 5640; x_wconf 91' lang='lat' dir='ltr'><strong>et</strong></span> <span class='ocrx_word' id='word_1_881' title='bbox 2474 5579 2803 5654; x_wconf 83' lang='lat' dir='ltr'><strong>Hyacinthus</strong></span> <span class='ocrx_word' id='word_1_882' title='bbox 2831 5574 3057 5632; x_wconf 87' lang='lat' dir='ltr'><strong>eunuchi</strong></span> <span class='ocrx_word' id='word_1_883' title='bbox 3088 5573 3212 5636; x_wconf 91' lang='lat' dir='ltr'><strong>mei,</strong></span> <span class='ocrx_word' id='word_1_884' title='bbox 3244 5583 3363 5624; x_wconf 92' lang='lat' dir='ltr'><strong>cum</strong></span> <span class='ocrx_word' id='word_1_885' title='bbox 3391 5564 3587 5635; x_wconf 91' lang='lat' dir='ltr'><strong>quibus</strong></span> 
     </span>
    </p>
   </div>
   <div class='ocr_carea' id='block_1_115' title="bbox 2004 5661 3586 5742">
    <p class='ocr_par' dir='ltr' id='par_1_115' title="bbox 2004 5661 3586 5742">
     <span class='ocr_line' id='line_1_115' title="bbox 2004 5661 3586 5742; baseline -0.02 -8"><span class='ocrx_word' id='word_1_886' title='bbox 2004 5680 2242 5735; x_wconf 90' lang='lat' dir='ltr'><strong>scholam</strong></span> <span class='ocrx_word' id='word_1_887' title='bbox 2284 5673 2481 5730; x_wconf 90' lang='lat' dir='ltr'><strong>Christi</strong></span> <span class='ocrx_word' id='word_1_888' title='bbox 2524 5673 2764 5742; x_wconf 91' lang='lat' dir='ltr'><strong>ingressa</strong></span> <span class='ocrx_word' id='word_1_889' title='bbox 2796 5681 2913 5721; x_wconf 92' lang='lat' dir='ltr'><strong>sutn</strong></span> <span class='ocrx_word' id='word_1_890' title='bbox 2948 5682 2961 5717; x_wconf 87' lang='lat'><strong>:</strong></span> <span class='ocrx_word' id='word_1_891' title='bbox 2993 5661 3240 5716; x_wconf 90' lang='lat' dir='ltr'><strong>Christus</strong></span> <span class='ocrx_word' id='word_1_892' title='bbox 3267 5662 3444 5708; x_wconf 88' lang='lat' dir='ltr'><strong>autem</strong></span> <span class='ocrx_word' id='word_1_893' title='bbox 3479 5662 3586 5742; x_wconf 87' lang='lat' dir='ltr'><strong>tam</strong></span> 
     </span>
    </p>
   </div>
   <div class='ocr_carea' id='block_1_116' title="bbox 2007 5741 3589 5837">
    <p class='ocr_par' dir='ltr' id='par_1_116' title="bbox 2007 5741 3589 5837">
     <span class='ocr_line' id='line_1_116' title="bbox 2007 5741 3589 5837; baseline -0.021 -9"><span class='ocrx_word' id='word_1_894' title='bbox 2007 5773 2227 5828; x_wconf 83' lang='lat' dir='ltr'><strong>idoneus</strong></span> <span class='ocrx_word' id='word_1_895' title='bbox 2252 5773 2320 5828; x_wconf 87' lang='lat' dir='ltr'><strong>ibi</strong></span> <span class='ocrx_word' id='word_1_896' title='bbox 2349 5773 2657 5837; x_wconf 76' lang='lat' dir='ltr'><strong>exstitit,ut</strong></span> <span class='ocrx_word' id='word_1_897' title='bbox 2677 5761 2949 5821; x_wconf 87' lang='lat' dir='ltr'><strong>victricem</strong></span> <span class='ocrx_word' id='word_1_898' title='bbox 2975 5750 3254 5809; x_wconf 88' lang='lat' dir='ltr'><strong>libidinum</strong></span> <span class='ocrx_word' id='word_1_899' title='bbox 3275 5742 3449 5803; x_wconf 87' lang='lat' dir='ltr'><strong>omnis</strong></span> <span class='ocrx_word' id='word_1_900' title='bbox 3475 5741 3589 5812; x_wconf 85' lang='lat' dir='ltr'><strong>pul-</strong></span> 
     </span>
    </p>
   </div>
  </div>
