4020 6228
406 374 512 432 615

1445 358 1532 412 DE
1574 353 1750 409 VIIIS
1791 347 2075 407 PATRUM
2118 343 2322 399 LIBER
2365 337 2640 397 PRIMUS.

3573 330 3680 388 618

406 485 619 544 ltttionis
668 495 755 535 me
810 479 1012 532 faceret
1058 489 1154 545 per
1207 472 1277 527 mi
1311 468 1627 526 ertcordiam
1676 479 1850 527 suam,
1905 461 1991 516 cui
2023 465 2066 519 A
2097 455 2383 516 exhibeas,
2419 453 2522 514 vel,
2555 448 2794 517 deposita
2821 445 3098 516 dignitate,
3147 443 3310 499 etiam
3342 442 3578 512 propriis
3611 447 3686 497 t'a-

407 575 568 631 credo
598 587 763 641 ustjue
793 570 845 624 in
875 569 1032 623 ﬁttem
1066 581 1151 619 me
1178 563 1375 632 jugiter
1400 569 1823 629 permansuram.

480 708 610 763 Car.
653 705 792 760 XVI.
817 735 886 744 —-
915 703 1279 772 Agnoscentes
1324 695 1501 762 itaque
1531 700 1679 761 pater
1705 690 1889 754 tiliam,
1938 695 1992 740 et

413 815 654 854 sororem
687 797 901 860 fratres,
943 791 1082 849 servi
1129 789 1420 850 dominam,
1456 791 1676 838 currunt
1715 781 1892 836 statim
1925 778 1992 832 ad

413 905 564 952 eam;
611 897 666 940 et
708 885 1040 940 etfuntleotes
1083 882 1346 949 lacrymas
1386 876 1440 928 in
1468 881 1755 941 conspectu
1790 869 1992 938 populi,

410 975 744 1044 amplexibus
773 974 889 1040 ejus
913 968 1247 1024 incumbunt.
1283 961 1568 1018 Nuntiatur
1615 961 1810 1014 factum
1841 959 1998 1013 Clau-

418 1071 519 1122 dia:
562 1065 741 1129 matri,
797 1074 852 1119 et
897 1063 1076 1116 statim
1105 1075 1266 1114 cursu
1305 1056 1512 1111 concito
1540 1055 1604 1107 ad
1635 1053 1997 1122 spectaculum

414 1162 583 1215 venit.
617 1160 936 1212 Deferuntur
960 1156 1276 1208 vestimenta
1306 1166 1436 1203 auro
1468 1156 1630 1211 texta,
1663 1155 1718 1200 et
1756 1145 1878 1201 licet
1919 1147 2002 1201 in-

413 1249 541 1312 vita,
591 1246 845 1302 induitur,
892 1250 1052 1310 atque
1103 1243 1154 1294 in
1200 1239 1412 1294 excelso
1443 1237 1689 1290 tribunali
1722 1235 1913 1305 posita,
1947 1235 2000 1288 in

413 1337 641 1392 sublime
671 1335 949 1399 attollitur,
981 1333 1121 1387 etab
1143 1333 1288 1386 omni
1320 1332 1516 1400 populo
1539 1327 1834 1382 clamatur:
1855 1330 2004 1384 Unus

416 1429 681 1491 Christus,
716 1440 853 1479 unus
883 1434 934 1478 et
963 1439 1122 1477 verus
1175 1424 1314 1478 Deus
1359 1427 1810 1480 Christianorum.
1862 1422 2004 1476 Sane

421 1519 732 1573 sacerdotes
781 1526 834 1569 et
864 1516 1123 1582 epismpi,
1158 1518 1246 1582 qui
1277 1531 1394 1568 cum
1430 1519 1596 1569 multo
1628 1515 1822 1582 populo
1847 1511 2005 1567 Chri-

420 1610 595 1661 stiano
619 1617 741 1659 ante
769 1604 1216 1672 amphitheatrum
1249 1615 1420 1666 erant,
1449 1613 1504 1658 et
1529 1607 1652 1656 dum
1677 1604 1902 1656 fuissent
1929 1602 2008 1653 in-

425 1696 635 1751 terfecti
667 1696 718 1747 hi
750 1695 839 1762 qui
867 1693 1274 1758 accusabantur,
1305 1695 1370 1746 ab
1393 1695 1596 1747 eisdem
1630 1692 2006 1759 sepelirentur,

423 1784 818 1855 ingrediuntur,
855 1783 965 1835 Deo
1007 1781 1262 1850 hymnum
1313 1783 1572 1846 dicentes,
1623 1793 1780 1848 atque
1821 1792 2008 1832 omnes

421 1891 526 1930 una
557 1890 684 1927 voce
712 1875 1004 1927 clamantes
1047 1886 1064 1922 :
1098 1873 1322 1925 Dextera
1366 1872 1574 1925 Domini
1616 1870 1910 1938 glorificata
1931 1877 2012 1921 est

425 1968 478 2022 in
521 1968 741 2029 virtute,
789 1965 1009 2017 dextera
1060 1977 1250 2015 manus
1296 1973 1406 2026 tua,
1467 1963 1710 2027 Domine,
1753 1958 2014 2027 confregit

427 2058 694 2112 inimicos.
721 2056 946 2110 Tollitur
986 2068 1114 2120 ergo
1156 2056 1206 2104 in
1261 2052 1532 2120 triumpho
1562 2051 1832 2120 Eugenia;
1864 2060 1918 2104 et
1948 2063 2016 2102 ne

431 2157 580 2202 tanto
608 2146 803 2215 gaudio
832 2143 1008 2212 populi
1040 2143 1155 2211 ejus
1185 2143 1442 2196 defuisset
1467 2143 1709 2212 probatio
1731 2141 2014 2202 castitatis,

436 2240 585 2293 visus
611 2248 695 2291 est
721 2239 856 2307 ignis
877 2235 943 2289 de
966 2235 1104 2289 coelo
1133 2235 1490 2300 descendens,
1538 2236 1626 2300 qui
1679 2235 1747 2286 ita
1792 2235 2020 2286 circum-

425 2331 575 2384 dedit
622 2329 839 2381 domum
871 2327 1198 2389 Melanthim,
1248 2335 1304 2378 ut
1341 2342 1440 2379 nec
1471 2326 1746 2395 vestigium
1798 2323 2019 2392 alicujus

427 2423 505 2474 rei
545 2434 665 2488 quae
696 2418 762 2471 ad
791 2432 909 2472 eam
943 2416 1243 2485 pertinebat
1274 2417 1610 2469 remanserit.
1663 2414 2016 2482 Fitgaudium

431 2513 614 2580 populi
647 2525 767 2562 cum
801 2507 995 2560 timore
1020 2506 1144 2569 Dei;
1177 2507 1405 2560 ecclesia
1435 2521 1554 2574 qua:
1589 2504 1723 2577 ja_m,
1765 2505 1914 2572 quasi
1941 2504 2020 2558 vi-

433 2604 618 2669 duata,
651 2609 842 2653 octavo
867 2614 1008 2652 anno
1047 2599 1229 2651 clausa
1271 2597 1465 2659 fuerat,
1498 2607 1790 2651 reseratur.
1836 2596 2017 2650 Revo-

435 2703 588 2747 catur
609 2692 1034 2760 Christianogutn
1065 2689 1309 2757 p0pulus,
1343 2688 1636 2756 baptizatur
1667 2689 1946 2756 pratfectus
1968 2687 2020 2740 in

433 2785 665 2839 fascibus
692 2781 1035 2843 constitutus,
1068 2780 1402 2846 baptizantur
1433 2781 1528 2833 ﬁlii
1553 2781 1690 2847 ejus,
1725 2781 2024 2848 baptizatur

441 2885 614 2930 mater
645 2875 761 2940 ejus
787 2871 1030 2926 Claudia.
1082 2870 1334 2924 Restituit
1383 2870 1654 2940 privilegia
1684 2867 2022 2934 Christianis,

437 2978 493 3022 et
536 2967 698 3021 mittit
750 2965 1066 3020 relationem
1119 2963 1184 3016 ad
1236 2962 1492 3018 Severum
1536 2963 1913 3032 imperatorem
1956 2963 2025 3018 de

436 3057 778 3120 Christianis,
811 3064 866 3110 et
898 3064 1158 3110 memorat
1185 3053 1314 3107 satis
1355 3054 1661 3123 reipublicze
1688 3055 2026 3108 Christianos

441 3153 715 3220 prodesse,
742 3149 861 3203 ideo
887 3149 1085 3203 debere
1115 3161 1208 3202 eos
1231 3147 1431 3216 absque
1459 3148 1826 3216 persecutione
1847 3147 2026 3213 aliqua

440 3241 491 3295 in
519 3240 736 3295 urbibus
757 3237 1014 3292 habitare.
1040 3237 1318 3292 Consentit
1342 3236 1692 3290 relationibus
1715 3236 2026 3306 imperator,

446 3347 497 3387 et
531 3334 587 3385 ﬁt
637 3339 745 3384 tota
785 3328 1146 3384 Alexandrina
1191 3326 1379 3381 civitas
1427 3325 1576 3395 quasi
1627 3341 1730 3379 una
1779 3326 2026 3380 ecclesia.

447 3427 680 3492 Eratque
725 3421 973 3475 omnibus
1024 3419 1330 3474 civitatibus
1374 3417 1647 3488 gaudium,
1690 3428 1745 3474 et
1799 3419 2031 3488 dignitas

443 3513 727 3570 Christiani
755 3512 988 3566 nominis
1015 3511 1352 3566 ﬁorescebat.

515 3647 644 3700 CAP.
686 3643 850 3699 XVII.
877 3671 945 3684 -——
974 3641 1079 3696 Sed
1107 3641 1226 3709 quia
1259 3653 1469 3705 semper
1489 3638 1825 3693 sanctitatem
1858 3654 2030 3693 temu-

449 3742 575 3794 Iatio
618 3739 858 3807 sequitur
898 3738 1115 3798 iuimtct,
1161 3745 1217 3788 et
1254 3741 1442 3788 contra
1495 3736 1789 3787 bonitatem
1837 3743 2036 3801 pugnat

452 3833 649 3887 malitia
679 3850 690 3882 :
725 3829 954 3885 consilio
991 3827 1190 3880 diaboli
1221 3827 1380 3894 aliqui
1404 3841 1470 3881 ex
1502 3827 1775 3881 honoratis
1799 3829 2032 3882 Alexan-

448 3925 600 3986 driae,
635 3923 868 3975 cultores
894 3919 1179 3982 idolorum,
1207 3919 1532 3986 accipientes
1552 3917 1714 3988 346
1732 3933 1874 3988 aegre
1894 3919 2036 3987 quod

452 4014 774 4069 Christianis
806 4011 1079 4080 privilegia
1118 4012 1411 4076 tribuisset,
1436 4009 1710 4066 venientes
1730 4013 1794 4065 ad
1827 4027 2032 4080 regem,

454 4105 706 4158 dixerunt
731 4111 928 4156 statum
959 4103 1263 4170 reipublica:
1292 4102 1668 4156 conturbatum
1700 4118 1728 4154 a
1767 4103 2031 4171 Philippo,

453 4198 543 4264 qui
597 4210 716 4248 cum
763 4208 904 4246 nono
952 4206 1093 4245 anno
1138 4192 1190 4244 in
1233 4191 1468 4246 fascibus
1499 4192 2039 4259 irrepreheusiblliter

455 4284 926 4347 administraverit,
958 4298 1101 4337 nunc
1126 4282 1334 4338 decimo
1358 4297 1498 4336 anno
1523 4283 1636 4352 (I0)
1673 4284 1900 4351 perdidit
1927 4299 2044 4337 om-

459 4377 567 4430 nia.
620 4375 859 4444 Denique
903 4374 1125 4428 deorum
1174 4373 1552 4427 immortalium
1597 4374 1832 4428 deseruit
1879 4390 2042 4428 caere-

458 4466 686 4532 monias,
721 4476 772 4519 et
799 4480 1012 4519 omnem
1055 4463 1325 4519 civitatem
1355 4465 1422 4518 ad
1462 4465 1726 4518 culturam
1765 4465 2039 4534 cujusdam

2094 547 2379 603 cultatibns
2407 545 2588 597 cedas.
2631 561 2648 592 ι

2167 639 2296 690 Car.
2344 635 2529 689 X‘t’lll.
2563 662 2630 672 —
2661 634 2888 696 Accepta
2921 628 3079 696 igitur
3117 626 3218 680 hac
3255 623 3480 694 Augusti
3509 634 3690 678 aucto-

2097 731 2278 792 ritate,
2311 726 2527 780 simulat
2557 721 2947 791 :rgritudittem,
2980 731 3260 784 quousque
3287 715 3539 768 universa
3579 716 3688 768 dis-

2101 821 2362 884 traheret,
2390 827 2447 873 et
2474 820 2697 871 donaret
2724 828 2820 883 per
2847 826 3060 866 omnem
3093 805 3426 877 provinciam
3451 807 3691 861 ecclesiis

2097 922 2153 966 ct
2181 910 2519 980 pauperibus.
2548 907 2664 974 Ipse
2687 912 2866 958 autem
2891 900 3179 970 prtefectus
3210 900 3264 954 in
3297 898 3492 953 timore
3523 897 3616 951 Dei
3640 907 3691 950 et

2104 1001 2156 1054 in
2196 1002 2406 1056 cultura
2435 998 2630 1053 Christi
2664 995 2822 1050 etiam
2853 994 2987 1045 alios
3015 989 3350 1044 confortahat
3371 989 3422 1042 in
3452 989 3692 1043 Christo.

2104 1093 2307 1147 Interea
2354 1090 2527 1146 omnis
2573 1085 2892 1142 Alexandria
2935 1082 3212 1150 conspirat
3240 1082 3292 1133 in
3322 1081 3694 1148 episcopatum

2110 1185 2228 1252 ejus
2257 1182 2395 1252 (t5),
2414 1191 2466 1236 et
2483 1180 2646 1246 crepit
2669 1191 2790 1232 eum
2817 1173 3118 1243 respublica
3140 1170 3340 1225 habere
3364 1168 3694 1236 prmfectum,

2107 1275 2230 1344 quia
2262 1287 2539 1328 successor
2570 1270 2619 1326 ei
2645 1267 2880 1323 nondum
2903 1271 3141 1324 venerat,
3165 1272 3220 1316 et
3239 1259 3473 1316 ecclesia
3503 1259 3698 1314 habere

2109 1365 2445 1432 episcopum,
2476 1362 2595 1429 quia
2625 1357 2822 1414 merito
2846 1355 2964 1408 ﬁdei
2988 1353 3088 1407 sibi
3111 1367 3234 1407 eum
3262 1350 3501 1416 elegerat
3521 1362 3702 1404 saeer-

2111 1456 2318 1508 dotem.
2351 1452 2570 1506 Duravit
2597 1459 2774 1504 autem
2805 1447 2859 1501 in
2888 1446 3197 1515 episcopatu
3230 1456 3395 1496 unum
3421 1454 3622 1495 annum
3649 1447 3701 1495 et

2112 1560 2324 1600 menses
2356 1552 2484 1598 "‘88.

2193 1638 2324 1688 (In.
2372 1633 2510 1687 .\IX.
2553 1660 2622 1670 -—
2653 1630 2779 1682 Post
2825 1627 2940 1680 haec
2967 1632 3144 1678 autem
3177 1620 3347 1690 spatia
3379 1630 3704 1690 temporum,

2116 1729 2337 1782 veniens
2368 1722 2663 1778 Perennius
2695 1720 2974 1787 prmfecttts
3013 1713 3151 1785 ut),
3200 1713 3324 1768 dum
3366 1712 3706 1767 Alexandria;

2046 1835 2088 1892 Β
2115 1825 2378 1889 quaereret
2407 1823 2686 1885 percutere
2713 1828 2854 1876 eum,
2908 1821 2960 1865 et
2992 1825 3096 1863 non
3127 1817 3324 1876 posset,
3359 1807 3483 1877 quia
3524 1822 3649 1859 omn
3676 1821 3703 1860 ε

2117 1910 2305 1964 civitas
2343 1906 2396 1960 in
2426 1919 2612 1958 amore
2638 1905 2756 1970 ejus
2784 1900 3034 1960 durabat,
3067 1897 3280 1951 immisit
3309 1895 3356 1951 ei
3387 1895 3474 1964 qui
3504 1910 3565 1948 se
3597 1895 3701 1946 ﬁn-

2117 2008 2306 2070 gerent
2357 1997 2730 2058 Christianos,
2770 2003 2825 2048 et
2871 1991 3263 2060 ingredientes,
3323 1995 3706 2057 percusserunt

2119 2107 2242 2146 eum
2271 2090 2386 2160 (15)
2429 2089 2483 2142 in
2535 2087 2778 2142 oratione
2825 2084 3101 2138 Dominica
3157 2083 3525 2136 constitutum.
3581 2078 3708 2131 Post

2120 2184 2404 2238 traduntur
2428 2195 2771 2248 percussores
2796 2179 3047 2248 praefecto
3077 2177 3362 2231 Perennio.
3411 2173 3505 2227 Ille
3533 2180 3708 2224 autem

2121 2274 2376 2328 conscius
2395 2271 2654 2340 jussionis
2683 2284 2796 2324 suae
2833 2278 2886 2323 et
2927 2268 3078 2337 quasi
3119 2264 3412 2320 audiendos
3455 2260 3709 2316 custodite

2122 2363 2469 2431 mancipavit,
2522 2370 2640 2429 post
2672 2373 2872 2429 paucos
2902 2370 3078 2413 autem
3119 2357 3233 2410 dies
3281 2355 3582 2424 principum
3631 2353 3710 2406 in-

2122 2454 2390 2522 dulgentia
2420 2454 2688 2506 relaxatos
2719 2448 2940 2503 dimisit.
2977 2447 3320 2502 Beatissimus
3360 2454 3540 2498 autem
3588 2442 3710 2496 Phi-

2126 2546 2297 2612 lippus
2323 2553 2438 2611 post
2462 2555 2840 2611 percussuram
2865 2539 3034 2592 tribus
3055 2538 3241 2591 diebus
3269 2535 3320 2588 in
3343 2547 3568 2602 corpore
3592 2546 3711 2585 esse

2127 2635 2416 2706 permissus
2463 2643 2576 2696 est,
2623 2647 2728 2684 non
2783 2630 2851 2684 ad
2894 2629 3060 2694 aliud,
3107 2627 3206 2681 nisi
3247 2629 3312 2682 ad
3349 2628 3508 2682 corda
3556 2626 3710 2679 dubia

2124 2727 2520 2789 conﬁrmanda;
2546 2740 2665 2778 nam
2691 2733 2747 2777 ut
2771 2723 3025 2791 migraret
3049 2721 3112 2774 ad
3142 2721 3452 2783 Dominum,
3475 2718 3710 2787 martyrii

2125 2834 2186 2874 se
2216 2819 2386 2872 noluit
2422 2831 2615 2870 corona
2649 2813 2903 2878 fraudari,
2949 2821 3004 2866 t-t
3047 2814 3159 2879 ipse
3204 2812 3342 2865 hanc
3371 2819 3427 2864 ut
3454 2807 3713 2877 reciperet

2128 2909 2327 2965 oravit.
2355 2907 2486 2962 Nam
2515 2906 2603 2977 qui
2633 2907 2685 2959 in
2715 2919 2940 2972 corpore
2959 2907 3161 2972 positus
3188 2901 3451 2956 dannonia
3481 2900 3712 2969 fugabat,

2138 3014 2195 3060 et
2220 3003 2557 3059 illuminabat
2586 3003 2825 3057 oratione
2850 3015 3044 3065 caseos,
3075 3012 3272 3069 quanto
3303 3001 3472 3071 magis
3515 3015 3574 3054 se
3622 3013 3716 3052 no-

2134 3097 2323 3151 luisset
2352 3095 2525 3165 palma
2566 3093 2812 3163 privari?
2872 3093 3084 3158 Poterat
3127 3093 3308 3161 utique
3334 3091 3473 3160 quod
3507 3090 3717 3144 volebat

2058 3196 2102 3258 (1
2135 3191 2422 3258 impetrare
2451 3189 2568 3242 sine
2599 3186 2790 3251 dubio;
2838 3194 2894 3241 et
2923 3187 2993 3240 ita
3017 3187 3218 3256 recepit
3246 3195 3305 3239 ut
3333 3185 3598 3254 particeps
3619 3199 3716 3236 no-

2135 3281 2297 3336 minis
2323 3279 2576 3348 Philippi,
2611 3287 2754 3332 esset
2777 3279 3044 3347 particeps
3071 3288 3126 3332 et
3152 3291 3402 3341 coronae;
3449 3285 3503 3331 et
3548 3274 3718 3329 susci-

2136 3381 2334 3445 perent
2369 3383 2632 3441 martyres
2656 3371 2936 3439 collegam,
2962 3385 3118 3440 quem
3142 3374 3332 3426 merito
3350 3370 3584 3426 Ecclesia
3607 3381 3719 3422 sus-

2141 3474 2360 3532 ceperat
2413 3463 2771 3517 sacerdotem.
2823 3461 2980 3516 Juxta
3019 3463 3153 3516 atria
3193 3461 3371 3530 itaque
3422 3461 3494 3516 ibi
3539 3467 3720 3514 sancta

2137 3556 2372 3626 Eugenia
2423 3555 2532 3608 ﬁlia
2583 3554 2699 3623 ejus
2754 3556 3136 3609 monasterium
3181 3554 3379 3611 Christi
3431 3554 3721 3625 virginibus

2133 3649 2519 3712 collocaverat,
2549 3646 2655 3700 illic
2684 3661 2839 3700 suum
2858 3645 3020 3715 jussit
3046 3648 3296 3701 Collocari
3327 3647 3720 3715 corpusculum,

2137 3741 2189 3792 in
2219 3754 2324 3808 quo
2354 3739 2472 3792 loco
2495 3736 2803 3791 beatissima
2834 3737 3056 3791 Claudia
3087 3737 3477 3793 xenodochium
3508 3738 3724 3792 fabrica-

2137 3830 2250 3895 bat,
2278 3838 2331 3884 et
2359 3828 2630 3883 constituit
2665 3828 2862 3897 praedia
2891 3843 3006 3897 qua:
3030 3829 3462 3897 susceptionibus
3486 3829 3722 3898 peregri-

2138 3918 2379 3973 nantium
2408 3917 2779 3984 deservirent;
2803 3919 2915 3986 ipsa
2945 3931 3121 3973 autem
3148 3935 3268 3974 cum
3293 3920 3448 3974 Avito
3466 3931 3520 3974 et
3541 3919 3725 3988 Sergio

2141 4010 2286 4075 ﬁliis,
2315 4019 2369 4064 et
2394 4024 2516 4064 cum
2549 4011 2700 4062 beata
2733 4009 2967 4078 Eugenia
2994 4024 3234 4079 regressa
3264 4018 3348 4064 est
3375 4009 3623 4064 Romam.

2211 4101 2340 4154 ΟΑΡ.
2385 4101 2504 4154 XX.
2527 4129 2600 4140 —
2622 4101 2780 4168 Igitur
2802 4101 2938 4155 ﬁlios
2963 4101 3191 4170 Philippi
3222 4117 3344 4155 cum
3369 4103 3512 4156 omni
3535 4100 3726 4169 gaudio

2141 4203 2356 4244 senatus
2389 4191 2596 4258 recepit
2638 4191 3019 4255 Romanorum,
3067 4201 3122 4246 et
3153 4206 3316 4244 unum
3351 4193 3722 4259 proconsulem

2141 4284 2542 4353 Carthaginem,
2595 4283 2757 4336 alium
2813 4284 3068 4337 vicarium
3107 4283 3301 4336 Africa:
3329 4284 3586 4351 dirigunt.
3645 4283 3726 4336 Ad

2143 4375 2354 4429 beatam
2390 4383 2566 4428 autem
2601 4373 2890 4442 Eugeniam
2920 4389 3044 4427 cum
3076 4373 3258 4428 multa:
3307 4383 3562 4427 matrona:
3595 4386 3726 4424 con-

2146 4469 2410 4531 venirent,
2455 4475 2510 4521 et
2545 4481 2682 4535 pene
2720 4479 2908 4520 omnes
2954 4465 3208 4532 virgines,
3255 4477 3590 4535 quascunque
3635 4478 3726 4531 po-

460 4557 693 4612 hominis
723 4571 880 4625 quem
911 4556 1079 4610 Judaei
1110 4555 1421 4610 occiderunt
1447 4557 1731 4610 convertit.
1788 4555 1906 4610 Non
1961 4568 2038 4610 est
2073 4557 2122 4615 D
2150 4561 2358 4625 luisset,
2399 4570 2553 4614 notas
2595 4567 2685 4613 aut
2709 4561 2926 4622 amicas,
2961 4560 3158 4614 faceret
3185 4558 3342 4612 etiam
3371 4557 3580 4611 Christo
3608 4571 3727 4610 cre-

460 4647 671 4716 legibus
685 4646 878 4700 vestris
901 4645 1006 4700 ulla
1031 4645 1348 4700 reverentia.
1387 4645 1590 4700 Passim
1621 4645 1844 4714 quisque
1870 4655 1927 4698 ut
1947 4660 2039 4698 vo-

463 4738 626 4792 luerit
657 4737 850 4807 templa
883 4736 1182 4792 reverenda
1212 4735 1530 4805 ingreditur,
1581 4750 1687 4789 non
1733 4743 1791 4788 ut
1831 4735 2040 4790 colendi

463 4831 897 4886 benevolentiam
929 4832 1247 4897 praetendat,
1294 4839 1348 4882 ct
1384 4843 1489 4880 non
1519 4836 1577 4881 ut
1601 4828 1731 4882 deos
1759 4841 1882 4882 esse
1910 4842 2043 4895 quos

462 4923 688 4976 eolimus
713 4922 928 4985 credat;
973 4921 1066 4974 sed
1110 4929 1166 4974 ut
1204 4921 1347 4974 dicat
1391 4920 1622 4974 inﬁnitas
1666 4919 2043 4986 bIaSpbemias,

461 5027 585 5066 saxa
614 5023 703 5066 aut
730 5014 941 5067 metalla
973 5013 1146 5082 potius
1185 5028 1348 5079 quam
1396 5012 1560 5066 divini
1607 5012 1836 5068 nominis
1873 5025 2042 5081 Signa.

466 5103 588 5157 llmc
615 5113 666 5156 et
697 5103 890 5157 similia
923 5105 1086 5157 multa
1117 5104 1261 5158 dicta
1298 5113 1426 5158 sunt
1460 5104 1660 5160 Severo
1690 5116 1743 5160 et
1779 5107 2048 5162 Antonino

466 5193 732 5261 Augustis.
766 5194 863 5259 Qui
905 5195 1156 5248 commoti
1192 5195 1328 5265 (II),
1362 5195 1673 5250 dit-exerunt
1702 5197 1766 5250 ad
1795 5215 1914 5252 eum
1947 5200 2048 5253 hu-

461 5282 759 5354 juscetnodi
790 5285 1004 5337 decreta
1042 5301 1054 5336 :
1091 5302 1107 5334 ι
1137 5284 1303 5338 Divus
1335 5301 1522 5354 parens
1563 5298 1767 5352 noster,
1797 5288 2050 5343 Commo-

466 5375 566 5430 dus
608 5375 874 5444 quondam
925 5379 1217 5444 Augustus,
1265 5393 1367 5431 non
1399 5389 1456 5430 ut
1485 5379 1816 5448 prmfectum,
1857 5381 1950 5434 sed
1993 5392 2052 5437 ut

467 5480 647 5535 regem
675 5465 790 5535 (12)
818 5475 867 5519 te
892 5465 1229 5521 Alexandriae
1256 5469 1520 5522 ordinavit
1558 5478 1718 5537 atque
1755 5473 2046 5538 constituit,

466 5571 527 5616 ut
553 5559 680 5614 dum
711 5559 764 5613 in
793 5559 897 5613 vita
948 5574 1213 5623 maneres,
1247 5574 1611 5616 successorem
1653 5564 1852 5618 nullum
1884 5567 2050 5620 susci-

469 5665 647 5723 peres.
672 5651 824 5708 Unde
849 5653 930 5705 his
954 5651 1225 5706 beneﬁciis
1243 5654 1358 5720 ejus
1382 5656 1740 5723 superaddere
1757 5659 2050 5725 cupientes,

471 5745 753 5800 statuimus
785 5753 841 5799 ut
881 5742 982 5800 diis
1030 5743 1486 5814 omnipotentibns
1534 5747 1744 5803 solitam
1793 5749 2050 5804 culturam

2145 4653 2292 4717 dere,
2316 4663 2370 4706 et
2397 4651 2448 4705 in
2488 4649 2796 4720 virginitate
2815 4649 3081 4703 dominica
3106 4663 3418 4718 permanere
3443 4663 3458 4712 ;
3483 4647 3729 4715 quaedam

2147 4757 2212 4796 ex
2243 4741 2392 4812 regio
2413 4755 2612 4811 genere
2643 4741 2813 4811 virgo,
2844 4740 3036 4793 Basilla
3061 4741 3298 4806 nomine,
3334 4739 3583 4807 cupiebat
3609 4753 3728 4792 eam

2148 4832 2431 4901 attingere.
2460 4831 2567 4885 Sed
2595 4829 2716 4900 quia
2738 4846 2898 4884 causa
2930 4831 3164 4884 nominis
3194 4830 3486 4885 Christiani
3513 4828 3580 4883 ad
3609 4844 3726 4882 eam

2151 4925 2228 4978 ire
2261 4939 2366 4976 non
2400 4931 2633 4991 poterat,
2675 4923 2895 4990 rogabat
2925 4937 3020 4990 per
3062 4922 3449 4975 internuntium
3499 4919 3728 4984 ﬁdelem,

2153 5025 2211 5068 ιιι
2229 5031 2345 5069 eam
2369 5016 2438 5069 de
2460 5015 2721 5084 religione
2739 5016 3044 5069 Christiana
3069 5016 3378 5070 instrueret.
3409 5015 3557 5069 Tunc
3579 5015 3730 5068 beata

2152 5109 2382 5178 Eugenla
2426 5116 2686 5162 convocat
2722 5107 2787 5161 ad
2817 5122 2878 5161 se
2934 5108 3274 5162 beatissimos
3325 5109 3551 5162 comites
3602 5121 3731 5161 suos

2151 5201 2368 5255 Prottnn
2398 5207 2453 5252 et
2489 5198 2866 5266 Hyacinthum,
2916 5209 2969 5254 et
3017 5200 3256 5254 diciteis
3305 5217 3316 5252 :
3371 5200 3729 5269 Accingimiui

2152 5291 2339 5346 militia
2369 5289 2434 5343 ad
2464 5303 2621 5356 quam
2648 5303 2743 5343 vos
2769 5301 3029 5343 convocat
3057 5291 3303 5346 Christus
3329 5308 3344 5356 ;
3375 5306 3483 5361 quo
3511 5306 3606 5344 vos
3640 5291 3739 5343 fia-

2151 5382 2285 5438 siIla:
2313 5381 2534 5435 offeram
2556 5381 2657 5436 sub
2681 5381 2860 5449 specie
2883 5385 3138 5448 muneris,
3167 5393 3223 5437 ut
3251 5397 3344 5438 vos
3369 5397 3488 5437 eam
3510 5383 3561 5436 in
3581 5381 3738 5435 Chri-

2152 5485 2234 5528 sto
2258 5471 2464 5528 faciatis
2485 5471 2753 5525 ancillam.
2779 5470 2865 5525 Fit
2890 5472 3068 5541 itaque
3091 5472 3247 5542 hujus
3275 5473 3510 5528 muneris
3527 5472 3695 5540 gratia
3721 5489 3736 5533 ;

2153 5574 2206 5618 et
2235 5563 2458 5630 suscipit
2490 5561 2682 5614 Basilla
2730 5561 2882 5630 quasi
2904 5561 3152 5629 famulos,
3183 5564 3279 5618 sed
3303 5579 3397 5619 eos
3423 5564 3576 5632 quasi
3607 5577 3744 5629 apo-

2154 5654 2323 5708 stolos
2351 5653 2661 5706 honorabat.
2692 5651 2924 5707 Vacahat
2952 5665 3128 5710 autem
3153 5671 3273 5709 cum
3303 5656 3378 5710 eis
3399 5657 3545 5711 omni
3573 5655 3742 5716 hora;

2157 5754 2206 5800 et
2235 5743 2386 5814 quasi
2417 5739 2690 5797 eunuchos
2737 5741 2955 5798 servitio
3003 5744 3226 5814 habens,
3251 5762 3357 5802 non
3386 5746 3594 5814 diebus,
3629 5760 3737 5798 non
