4020 6224
270 291 363 346 61⁸1

1019 289 1172 345 VITA
1214 288 1503 346 SANC'UE
1545 286 1876 345 EUGENIIE
1917 286 2212 344 VIRGINIS
2252 287 2338 343 AC
2382 290 2752 346 MARTYRIS.

3381 293 3484 348 618

273 408 519 462 noctibus
545 422 573 460 a
601 406 874 476 colloquiis
904 408 988 462 Dei
1012 417 1063 461 et
1090 407 1419 462 orationibus
1446 405 1703 460 cessabat.
1735 403 1831 471 lgi-
1860 407 1908 462 A
1939 401 2074 455 tivos
2099 401 2276 469 flores,
2303 411 2358 456 ut
2384 401 2724 456 marcidiores
2753 416 3148 469 perseverantes
3174 405 3490 462 advectent:

265 512 354 555 tur
373 501 654 556 Cornelius
681 517 800 556 cum
823 509 962 555 esset
986 501 1037 554 in
1065 500 1191 553 urbe
1208 498 1371 552 Roma
1397 514 1562 552 sacrm
1589 497 1717 566 legis
1739 512 1833 549 an—

268 594 438 659 tistes,
474 593 714 662 pervenit
737 594 802 646 ad
830 607 945 645 eam
991 593 1232 653 latenter,
1275 601 1328 643 tt
1372 590 1656 656 baptizavit
1693 603 1832 642 eam.

266 682 590 739 Confirmata
633 694 806 738 autem
847 684 1001 736 beata
1043 682 1230 735 Basilia
1261 683 1311 735 in
1342 683 1530 735 timore
1562 680 1674 744 Dei,
1707 695 1832 747 pro-

266 788 490 832 curante
522 775 878 831 misericordia
909 776 1128 839 Christi,
1165 790 1297 843 pene
1323 775 1566 828 omnibus
1597 773 1835 826 noctibus

269 869 470 923 mutuis
516 884 575 923 se
620 868 924 921 fruebantur
966 866 1262 935 aspectibus
1301 867 1409 935 ipsa
1452 874 1505 919 et
1551 865 1700 919 beata
1732 865 1834 916 Ett-

263 960 442 1027 genia.

340 1050 472 1104 Car.
514 1046 654 1102 XXI.
686 1077 756 1086 —
801 1045 1058 1100 Omnibus
1098 1046 1276 1115 itaque
1317 1045 1488 1100 viduis
1525 1045 1836 1100 Christianis

268 1148 563 1194 conventus
590 1149 704 1193 erat
731 1137 795 1192 ad
827 1139 1032 1191 beatam
1063 1136 1353 1203 Claudiam,
1379 1148 1431 1191 et
1463 1138 1705 1192 omnibus
1729 1142 1828 1190 vir-

269 1232 486 1302 ginibus
516 1239 806 1284 conventus
828 1240 942 1283 erat
960 1230 1023 1282 ad
1053 1229 1257 1282 beatam
1285 1229 1588 1297 Engeniam.
1615 1229 1838 1284 Sanctus

269 1334 450 1379 autem
476 1323 753 1378 Cornelius
792 1337 922 1391 papa
970 1321 1114 1374 urbis
1157 1318 1339 1372 Romae
1367 1360 1382 1382 ,
1430 1313 1573 1371 omni
1619 1331 1838 1385 vespere

269 1418 492 1473 Sabbati
525 1431 644 1485 qua:
676 1414 895 1470 lucescit
925 1415 974 1468 in
1002 1412 1276 1467 Dontinico
1320 1411 1423 1474 die,
1449 1410 1605 1463 dabat
1632 1409 1711 1463 eis
1743 1425 1838 1463 n0-

269 1519 414 1564 ctem
451 1508 662 1579 hymnis
692 1506 1015 1575 pervigilem,
1048 1514 1099 1558 et
1131 1505 1389 1570 pullonnm
1434 1503 1718 1555 canoribus
1748 1518 1840 1554 no-

270 1603 373 1657 ctis
413 1605 590 1670 quiete
618 1601 808 1669 agebat
831 1599 948 1669 ejus
976 1607 1313 1651 sacrosancta
1357 1596 1625 1666 mysteria,
1674 1606 1727 1650 et
1772 1597 1841 1650 ita

269 1693 624 1748 confirmabat
653 1708 745 1747 eas
773 1692 1012 1744 sabbato.
1050 1689 1278 1752 Euuenia
1310 1699 1484 1743 autem
1527 1699 1580 1742 et
1627 1689 1839 1752 Basilia,

1934 495 2267 548 mentiuntur
2289 496 2627 550 securitatem
2652 495 2971 550 transeuntis
2996 500 3267 567 temporis,
3295 508 3352 553 ut
3377 514 3498 568 per-

1933 588 2074 655 petui
2107 587 2285 642 saeculi
2307 589 2627 642 cruciatibus
2658 587 2883 642 tradant.
2920 588 3495 658 ldeoque,charissima:

1937 680 2194 747 virgines,
2225 695 2345 746 quae
2377 695 2581 734 mecum
2610 681 2661 734 in
2690 695 2857 749 agone
2889 681 3198 749 virginitatis
3229 698 3369 737 nunc
3407 700 3496 738 us-

1935 783 2036 835 que
2064 768 2392 834 accurristis,
2424 781 2730 838 permanete
2770 771 2821 825 in
2866 787 3044 824 amore
3077 773 3308 837 Domini,
3339 789 3495 842 quem

1934 860 2186 928 ccepistis.
2229 861 2461 931 Tempus
2507 863 2666 917 flendi
2716 865 3092 933 temporalilct,
3135 863 3249 919 sine
3290 863 3500 918 faStidio

1935 965 1988 1008 et
2017 955 2234 1010 horrore
2282 957 2520 1022 sullerte,
2554 965 2612 1010 ut
2658 967 2892 1025 tempora
2937 958 3109 1025 giutlii
3157 955 3337 1010 aterui
3377 969 3496 1010 cum

1937 1044 2078 1096 omni
2129 1045 2342 1111 possitis
2380 1045 2662 1099 dilectione
2691 1047 2980 1113 suscipere.
3032 1046 3142 1116 Ego
3181 1047 3322 1099 enim
3354 1061 3498 1101 eom-

1939 1135 2180 1188 mendavi
2211 1151 2305 1188 vos
2334 1135 2551 1204 Spiritui
2583 1147 2786 1204 sancto,
2811 1148 2864 1190 et
2890 1139 3048 1191 credo
3074 1137 3213 1206 quod
3245 1153 3338 1190 vos
3370 1137 3500 1190 mihi

1942 1226 2173 1290 integras
2204 1241 2389 1280 onmes
2419 1227 2752 1294 illibatasque
2779 1228 3085 1281 constituat.
3120 1228 3290 1282 Nolite
3323 1229 3499 1295 itaque

1942 1316 2127 1369 faciem
2178 1331 2348 1368 meam
2396 1333 2460 1370 ex
2526 1317 2624 1370 hoc
2690 1319 3036 1385 corpmaliter
3084 1334 3352 1385 quaerere.
3407 1317 3500 1371 sed

1940 1417 2084 1474 gesta
2118 1417 2169 1459 et
2210 1419 2358 1461 actus
2395 1405 2494 1476 per
2534 1409 2773 1476 spiritum
2814 1408 3264 1473 contemplamini.
3315 1410 3378 1459 Et
3422 1408 3502 1460 his

1941 1496 2117 1562 dictis,
2148 1496 2384 1549 osculata
2430 1506 2513 1550 est
2551 1497 2844 1560 universas,
2877 1507 2931 1550 et
2973 1498 3163 1551 flentes
3212 1498 3503 1550 fortissimo

1945 1587 2120 1640 animo
2149 1588 2542 1640 consolabatur.
2593 1587 2896 1640 Dicentihus
2937 1597 3110 1640 autem
3143 1588 3240 1640 sibi
3269 1588 3386 1640 vale
3426 1588 3510 1640 in-

1945 1679 2112 1734 vicem
2171 1680 2363 1732 Basilla
2416 1689 2470 1732 et
2525 1681 2790 1748 Engenia,
2842 1680 3080 1734 oratione
3136 1681 3271 1734 facta
3328 1681 3505 1735 disce-

275 1796 333 1838 nt
358 1784 670 1848 memoravi,
699 1784 943 1836 omnibus
967 1797 1024 1836 se
1049 1797 1179 1848 pene
1201 1781 1440 1834 noctibus
1465 1780 1770 1834 fruebantur
1790 1781 1840 1835 in
1876 1787 1922 1847 Β
1948 1770 2096 1825 llum-

276 1877 512 1936 (lhristo,
541 1888 594 1930 et
621 1876 827 1929 alterno
857 1889 914 1928 se
941 1874 1153 1942 eloquio
1185 1871 1526 1925 renovabaot.
1553 1872 1597 1926 Ο
1618 1882 1840 1941 quantas

276 1981 370 2034 per
405 1967 692 2034 Eugeniam
715 1966 949 2033 virgines
969 1963 1208 2018 Salvator
1239 1963 1465 2014 invenit!
1497 1963 1655 2032 347
1675 1976 1843 2032 quan-

281 2069 360 2111 tas
387 2061 547 2112 etiam
600 2074 692 2126 per
741 2059 986 2111 Basiliam
1037 2055 1277 2109 Christus
1323 2069 1544 2122 sponsas
1583 2056 1842 2109 obtinuit!

277 2161 491 2216 quantae
537 2166 630 2218 per
661 2149 931 2203 Claudiam
962 2144 1267 2202 viduitatem
1314 2159 1548 2216 prompta
1579 2148 1847 2202 voluntate

277 2249 590 2301 servarunt!
624 2247 803 2316 quanti
821 2247 1044 2313 juvenes
1069 2261 1162 2313 per
1185 2248 1398 2301 Protum
1422 2261 1474 2302 et
1495 2245 1845 2317 Hyacinthum

276 2336 494 2391 Christo
519 2338 741 2393 Domino
764 2340 1100 2393 crediderunt
1123 2340 1136 2392 !

345 2427 477 2482 CAP.
503 2429 662 2483 XXII.
687 2459 756 2470 —
785 2430 1058 2485 Valeriano
1087 2431 1262 2497 itaque
1303 2441 1358 2486 et
1396 2432 1635 2486 Gallieno
1676 2430 1842 2497 impe-

274 2519 538 2580 rantibus,
567 2530 680 2572 orta
701 2520 873 2574 aedito
899 2520 966 2574 de
994 2521 1306 2575 Christianis
1334 2531 1446 2585 est,
1479 2537 1544 2575 eo
1574 2519 1714 2587 quod
1742 2518 1846 2588 Cy-

278 2611 494 2680 prianus
515 2611 886 2680 Carthaginem
911 2622 1202 2676 everteret,
1227 2623 1279 2665 et
1300 2611 1575 2666 Cornelius
1599 2612 1843 2665 Romam.

277 2700 405 2756 Data
426 2711 510 2756 est
529 2718 657 2772 ergo
673 2704 956 2757 auctoritas
973 2704 1037 2758 ad
1065 2703 1343 2758 Paternum
1372 2704 1763 2772 proconsulem,
1789 2713 1845 2756 ut

279 2793 600 2864 Cyprianum
629 2795 916 2850 occideret.
939 2795 1218 2850 Cornelius
1251 2804 1426 2850 autem
1457 2796 1577 2864 quia
1609 2810 1636 2848 a
1668 2793 1845 2848 multis

287 2886 534 2941 Romanis
562 2887 722 2941 etiam
751 2887 1042 2942 illustribus
1075 2886 1370 2954 fovebatur,
1401 2895 1517 2940 erat
1545 2887 1597 2940 in
1630 2885 1839 2940 abditis.

289 2976 434 3032 Tunc
457 2979 602 3032 beata
631 2978 862 3048 Eugenia
891 2981 1076 3033 videns
1104 2979 1346 3032 Basiliam
1364 3018 1379 3043 ,
1402 2979 1473 3032 ait
1496 2993 1512 3032 :
1539 2977 1844 3032 Revelatum

284 3079 364 3124 est
392 3071 515 3125 mihi
539 3087 568 3124 a
600 3070 821 3126 Domino
857 3071 994 3140 quod
1029 3087 1124 3139 pro
1152 3071 1458 3141 virginitate
1490 3085 1715 3139 passura
1745 3070 1837 3122 sis.

2013 1864 2446 1920 CAP.XXIV.—
2473 1865 2608 1918 Ecce
2656 1864 2842 1919 eodem
2889 1865 2975 1918 die
3019 1865 3248 1932 perrexit
3292 1879 3393 1919 una
3442 1881 3508 1918 ex

1944 1956 2153 2010 ancillis
2178 1957 2241 2010 ad
2271 1957 2572 2025 Pompeium
2597 1972 2848 2024 Sponsum
2877 1956 3104 2020 Basillaz,
3128 1972 3243 2025 qua:
3264 1965 3318 2010 et
3342 1956 3470 2010 dixit
3494 1975 3505 2007 :

1946 2048 2076 2114 Quia
2107 2059 2156 2102 te
2186 2049 2450 2102 dominatu
2495 2057 2725 2104 nostram
2761 2049 3004 2103 Basiliam
3037 2047 3278 2102 novimus
3315 2048 3381 2102 ab
3410 2048 3509 2102 im-

1945 2149 2188 2206 peratore
2218 2140 2493 2203 meruisse,
2525 2150 2705 2195 sextus
2754 2150 2808 2195 et
2848 2155 2913 2195 eo
2956 2140 3182 2209 amplius
3213 2148 3294 2194 est
3338 2153 3506 2193 annus

1945 2247 2102 2298 quam
2150 2243 2202 2284 tu
2235 2234 2284 2285 in
2318 2244 2498 2288 tenero
2539 2235 2710 2288 attatis
2736 2247 2875 2285 anno
2905 2239 2958 2284 nt
3005 2241 3187 2299 postea
3235 2232 3505 2301 acciperes

1947 2321 2230 2386 distulisti;
2274 2324 2366 2376 sed
2414 2323 2700 2389 patrui-lem
2742 2320 2856 2389 ejus
2903 2320 3154 2375 Helenum
3207 2323 3344 2375 scias
3389 2336 3508 2376 esse

1945 2403 2328 2474 Christianum,
2360 2424 2412 2465 et
2439 2413 2570 2465 hanc
2599 2411 2667 2464 ita
2696 2411 2883 2465 factam
2907 2411 3290 2476 Christianam,
3325 2423 3379 2465 ut
3406 2414 3501 2466 tibi

1945 2503 2162 2557 omnino
2191 2520 2291 2556 non
2344 2506 2524 2558 nubztt.
2555 2504 2684 2556 Nam
2713 2514 2767 2556 et
2812 2503 2946 2556 duos
2975 2504 3245 2558 eunuchos
3294 2504 3506 2557 Protum

1944 2608 1996 2650 et
2031 2597 2377 2666 Hyacinthum
2409 2596 2673 2649 simulavit
2701 2610 2761 2650 se
2791 2595 2863 2648 illi
2893 2594 3088 2648 donum
3117 2595 3308 2649 offerre
3340 2598 3510 2664 Euge-

1945 2686 2053 2751 nia,
2082 2701 2214 2755 quos
2243 2688 2328 2740 illa
2372 2688 2522 2756 quasi
2546 2687 2788 2741 dominos
2819 2687 3043 2750 excolit,
3074 2697 3129 2742 et
3165 2688 3397 2757 quotidie
3425 2702 3512 2757 pe-

1947 2778 2040 2832 des
2064 2793 2244 2832 eorum
2268 2793 2330 2832 ac
2350 2780 2394 2833 si
2423 2778 2644 2833 deorum
2672 2777 3044 2833 immortalium
3072 2779 3359 2845 osculatur,
3387 2779 3510 2848 quia

1948 2868 2046 2936 ipsi
2093 2877 2337 2923 auctores
2382 2878 2506 2922 sunt
2557 2870 2688 2923 artis
2734 2869 2974 2939 magicae,
3019 2884 3176 2938 quam
3224 2869 3512 2924 Christiani

1948 2958 2308 3013 committunt.
2345 2960 2438 3014 liis
2479 2960 2692 3024 auditis,
2741 2960 3026 3030 Pompeius
3065 2961 3244 3016 statim
3282 2963 3516 3016 cucurrit

1949 3048 2014 3102 ad
2042 3049 2302 3103 Helenum
2333 3050 2622 3118 patruelem
2649 3050 2788 3118 ejus,
2812 3052 2901 3119 qui
2930 3061 2985 3105 et
3014 3053 3241 3108 nutritor
3265 3053 3381 3122 ejus
3401 3062 3516 3108 erat

280 3161 350 3215 Et
380 3162 564 3217 “asina
596 3163 660 3218 ad
691 3164 980 3232 Eugenium
1011 3164 1321 3234 respondi“
1354 3163 1420 3217 Et
1449 3165 1577 3217 mihi
1600 3205 1612 3225 ’
1649 3163 1845 3230 inquit.
1876 3161 1922 3223 ρ
1951 3153 2003 3196 et
2035 3153 2194 3206 tutor,
2219 3154 2271 3194 et
2300 3143 2428 3196 dicit
2456 3144 2506 3196 ei
2534 3161 2546 3195 :
2580 3142 2721 3196 intra
2755 3144 2852 3196 hoc
2882 3143 3113 3198 triduum
3134 3145 3347 3212 nuptias
3370 3158 3516 3197 meas

276 3251 518 3321 dignatus
569 3263 651 3308 est
697 3253 952 3309 Dominus
999 3255 1373 3309 demonstrare
1417 3254 1556 3323 quod
1607 3254 1844 3322 martyrii

273 3360 524 3400 coronam
547 3347 812 3415 duplicem
835 3348 1047 3417 capias:
1075 3363 1265 3413 unam,
1289 3361 1445 3417 quam
1467 3347 1603 3415 apud
1629 3349 1850 3402 Alexan-

273 3437 444 3492 driam
471 3453 566 3506 pro
588 3437 744 3507 jusuis
771 3440 1041 3494 laboribus
1062 3440 1365 3509 acquisisti;
1392 3449 1448 3494 et
1468 3439 1624 3492 aliain
1644 3480 1660 3504 ,
1689 3455 1845 3509 quam

274 3530 324 3583 in
353 3530 616 3585 effusione
642 3532 712 3584 tui
740 3532 1009 3600 sanguinis
1037 3543 1385 3588 consecutura
1418 3546 1494 3586 es.
1523 3533 1669 3586 Tune
1699 3533 1847 3586 beata

277 3620 513 3690 Eugenia
542 3622 846 3690 expandens
873 3638 1058 3676 manus
1082 3637 1226 3686 suas,
1254 3623 1386 3676 dixit
1409 3639 1423 3676 :
1456 3624 1672 3676 Domine
1695 3623 1842 3686 Jesn,

275 3711 536 3764 Alti-sitni
571 3712 752 3778 Filius,
780 3715 868 3782 qui
908 3713 974 3767 ad
1007 3712 1236 3766 salutem
1269 3721 1500 3768 nostram
1536 3715 1724 3768 venisti
1756 3730 1849 3783 per

278 3802 631 3872 virginitatem
667 3800 869 3868 Matris,
895 3814 948 3857 tu
982 3820 1072 3871 per
1102 3804 1414 3873 virginitatis
1442 3806 1714 3874 praemium
1741 3822 1849 3860 om-

282 3910 377 3948 nes
415 3909 545 3962 quas
590 3891 718 3947 inihi
759 3895 1032 3950 credidisti
1061 3894 1260 3964 perduc
1298 3894 1364 3949 ad
1403 3911 1623 3966 regnum
1668 3897 1848 3965 gloria:

283 3995 406 4041 tute.

352 4073 481 4130 Car.
511 4074 694 4130 XXIII.
717 4106 785 4117 —
812 4077 1184 4134 Residentibus
1221 4088 1394 4133 autem
1443 4079 1641 4133 sanctis
1690 4079 1849 4148 virgi-

288 4170 439 4224 nibus
479 4170 702 4236 Cltristi,
739 4187 858 4240 qua:
893 4181 1046 4226 erant
1089 4186 1207 4226 cum
1258 4173 1486 4241 Eugenia
1531 4183 1585 4225 et
1633 4172 1848 4234 Basilla,

288 4261 419 4316 dixit
441 4263 687 4316 omnibus
724 4263 876 4316 beata
924 4262 1154 4333 Eugenia
1183 4280 1196 4316 :
1230 4262 1370 4318 Ecce
1399 4261 1678 4316 vindemia:
1718 4272 1851 4316 tem-

287 4369 382 4423 pus
412 4367 527 4422 est,
557 4356 608 4410 in
638 4371 743 4425 quo
771 4357 1114 4411 succiduntur
1161 4357 1330 4421 botri,
1367 4368 1422 4412 et
1463 4358 1684 4425 pedibus
1723 4373 1850 4410 eon-

286 4445 585 4512 cnlcantur,
629 4448 721 4501 sed
783 4457 904 4517 post
962 4452 1075 4502 haec
1133 4449 1395 4518 regalibus
1449 4448 1706 4504 conviviis
1753 4463 1848 4516 ap-

1952 3235 2224 3288 celebrare
2253 3233 2524 3304 disposui,
2559 3251 2655 3304 pro
2686 3253 2785 3303 qua
2820 3252 2876 3288 re
2913 3239 2991 3290 fac
3021 3252 3104 3290 me
3135 3238 3320 3291 videre
3357 3251 3518 3304 spon-

1951 3341 2064 3379 sam
2113 3341 2322 3391 meam,
2355 3344 2508 3396 quam
2551 3327 2676 3380 mihi
2720 3328 2919 3382 domini
2963 3344 3138 3383 rerum
3185 3330 3518 3384 invictissimi

1950 3417 2221 3484 principes
2250 3417 2362 3470 fieri
2393 3417 2666 3486 conjugein
2705 3430 3087 3488 princeperunt.
3117 3420 3229 3486 Ille,
3259 3421 3339 3476 bis
3366 3420 3517 3476 audi-

1954 3508 2044 3571 tis,
2072 3510 2285 3577 agnovit
2312 3512 2573 3578 proditntn
2602 3514 2902 3578 negotium,
2932 3514 3007 3566 ait
3032 3512 3098 3566 ad
3125 3529 3242 3567 eum
3270 3530 3283 3566 :
3313 3514 3521 3580 Quous-

1948 3614 2053 3668 que
2081 3601 2201 3653 anni
2237 3602 2525 3654 transirent
2572 3601 2804 3655 infantia:
2846 3601 2982 3670 ejus,
3014 3617 3184 3656 meam
3216 3604 3354 3656 circa
3395 3618 3514 3658 eam

1952 3695 2164 3748 tutelam
2196 3710 2290 3762 pro
2325 3695 2671 3763 germanitate
2705 3697 2865 3763 patris
2889 3697 3025 3762 ejus,
3052 3705 3105 3750 et
3138 3711 3232 3764 pro
3263 3697 3376 3762 ipso
3409 3712 3508 3750 nu-

1951 3788 2193 3840 trimento
2220 3789 2461 3853 exercui;
2492 3803 2629 3841 nunc
2658 3803 2782 3842 vero
2819 3789 2941 3857 quia
2966 3788 3127 3856 erepit
3153 3788 3232 3841 sui
3275 3803 3394 3842 esse
3421 3805 3515 3843 ar-

1953 3879 2117 3945 bitrii,
2148 3879 2198 3932 iti
2225 3894 2316 3933 sua
2343 3880 2452 3932 vnit
2471 3893 2590 3932 esse
2615 3889 2897 3948 potestate.
2927 3879 3074 3934 Unde
3097 3881 3143 3934 si
3171 3879 3316 3934 illam
3341 3880 3519 3936 videre

1952 3972 2249 4034 desideras,
2278 3972 2393 4039 ejus
2413 3974 2517 4025 erit
2535 3972 2734 4025 arbitrii
2754 4013 2768 4036 ,
2799 3988 2902 4026 non
2936 3974 3037 4026 mei
3067 3972 3293 4040 imperii.

2021 4061 2150 4116 Car.
2181 4061 2346 4115 XXV.
2368 4092 2437 4101 —
2469 4062 2703 4116 Audiens
2735 4063 2847 4116 haec
2889 4063 3195 4130 Pompeius,
3230 4065 3517 4119 vehemen-

1954 4157 2057 4208 tius
2085 4155 2248 4223 Cthif.
2276 4154 2494 4216 ardere;
2519 4164 2573 4208 et
2603 4169 2824 4224 pergens
2852 4155 2916 4208 ad
2947 4156 3152 4210 Basillae
3181 4157 3400 4210 domum
3421 4198 3434 4221 ,
3465 4169 3523 4212 ut

1955 4248 2288 4302 nuntiaretur
2328 4248 2643 4315 janitoribus
2683 4249 2994 4316 imperabat.
3036 4250 3132 4304 Cui
3177 4250 3274 4306 ista
3322 4261 3447 4305 sunt
3488 4266 3517 4303 a

1954 4339 2142 4392 Basilla
2174 4339 2417 4392 mandata
2444 4357 2456 4392 :
2488 4339 2712 4394 Causam
2745 4352 2795 4395 te
2825 4341 3034 4396 videndi
3075 4341 3282 4409 penitus
3313 4343 3512 4396 nullam

1954 4443 2038 4483 me
2067 4430 2260 4484 habere
2300 4444 2610 4496 cognoscas,
2649 4447 2816 4500 neque
2846 4431 3127 4496 audiendi,
3158 4446 3330 4500 neque
3374 4431 3519 4484 salu-

287 4549 572 4602 ροηυηιιιτ,
623 4537 836 4606 Absque
879 4553 1063 4593 eorum
1113 4540 1370 4608 sanguine
1417 4540 1560 4594 nulla
1619 4549 1852 4607 potestas
1880 4539 1934 4600 D
1961 4526 2123 4580 tandi.
2155 4526 2244 4580 I-lis
2271 4526 2488 4592 auditis,
2518 4529 2754 4580 turbatus
2780 4534 2862 4580 est
2886 4526 3277 4591 vehementius;
3305 4537 3356 4579 et
3380 4526 3524 4578 omni

286 4624 528 4693 imperii,
572 4631 712 4682 nulla
763 4630 978 4684 illustris
1026 4631 1254 4700 dignitas
1301 4633 1621 4688 decoratur:
1654 4642 1710 4687 et
1759 4649 1852 4687 vos

291 4715 539 4781 palmites
567 4720 698 4781 mei,
730 4731 782 4774 et
807 4735 1041 4775 meorum
1071 4724 1332 4778 viseerum
1365 4727 1532 4788 botri,
1563 4736 1735 4779 estote
1762 4742 1856 4793 pa-

293 4805 391 4857 rati
431 4804 484 4858 in
531 4805 770 4860 Domino.
802 4810 1080 4880 Virginitas
1109 4815 1250 4868 enim
1295 4825 1376 4869 est
1418 4817 1600 4884 prima:
1645 4817 1855 4871 virtutis

292 4896 543 4950 indicium
569 4899 674 4953 Deo
696 4905 1022 4969 proximum,
1047 4906 1235 4958 similis
1256 4907 1475 4974 angelis,
1501 4923 1687 4975 parens
1711 4913 1850 4972 vitae,

290 4989 457 5041 amica
509 4991 820 5053 sanctitatis,
868 4994 948 5046 via
1003 4997 1323 5059 securitatis,
1370 4996 1581 5050 domina
1638 4999 1855 5066 gaudii,

293 5080 397 5133 dux
429 5081 659 5144 virtutis,
686 5082 975 5138 fomentum
1005 5099 1058 5140 et
1081 5103 1275 5140 corona
1300 5090 1449 5153 fidei,
1478 5090 1855 5145 adminiculum

292 5185 344 5227 et
371 5174 662 5228 subsidium
693 5177 985 5231 charitatis.
1015 5177 1152 5232 Nihil
1187 5180 1252 5233 ita
1285 5181 1436 5234 nobis
1465 5181 1807 5235 laborandum
1833 5225 1847 5245 ,

296 5266 418 5319 nihil
453 5266 520 5319 ita
568 5276 650 5321 est
693 5267 1034 5337 enitendum,
1068 5274 1165 5325 nisi
1207 5289 1326 5327 cum
1377 5275 1678 5342 virginitate
1706 5276 1852 5328 viva-

299 5371 432 5420 mus,
467 5360 723 5426 autquod
763 5369 844 5412 est
888 5361 1186 5429 gloriosius,
1224 5380 1318 5431 pro
1357 5365 1652 5434 virginitate
1690 5369 1850 5424 etiam

299 5451 605 5504 moriamur.
630 5453 756 5517 Quae
780 5463 903 5509 sunt
931 5456 1083 5523 hujus
1109 5459 1291 5514 mundi
1321 5460 1677 5517 blandimenta
1705 5465 1853 5518 falla-

295 5546 525 5612 cissima,
561 5556 616 5599 et
656 5563 772 5600 cum
804 5551 994 5617 gaudio
1036 5554 1308 5620 temporali
1355 5555 1598 5622 veniunt,
1637 5567 1690 5611 et
1731 5573 1850 5612 cum

297 5644 549 5703 perpetuo
592 5636 769 5689 dolore
816 5639 1132 5693 discedunt:
1179 5643 1377 5698 faciunt
1425 5659 1851 5704 niomentaneum

296 5729 456 5783 risum
481 5768 495 5793 ,
537 5737 594 5782 ut
632 5739 884 5784 teternum
917 5731 1094 5786 fletum
1136 5737 1402 5808 inlligant;
1437 5739 1668 5795 tribuunt
1715 5741 1854 5812 fugi-

564 5822 829 5882 ΡΑτιιοι..
879 5824 980 5884 LX
995 5824 1158 5886 XIII.

1958 4631 2096 4686 pene
2120 4627 2428 4672 senatorum
2456 4616 2635 4671 favore
2661 4633 2806 4681 usus,
2841 4619 3118 4684 prostravit
3144 4631 3202 4671 se
3228 4631 3405 4671 coram
3431 4617 3529 4670 im-

1958 4718 2227 4778 peratore,
2259 4707 2442 4761 dicens
2468 4725 2480 4758 :
2508 4706 2798 4761 Subvenite
2828 4707 3081 4761 Romanis
3106 4707 3317 4774 vestris,
3353 4721 3531 4761 saera-

1960 4797 2150 4852 tissiuii
2180 4797 2467 4867 principes,
2492 4807 2544 4850 et
2572 4797 2700 4852 deos
2726 4812 2892 4851 novos
2919 4814 3052 4867 quos
3080 4798 3314 4868 Eugenia
3345 4813 3527 4853 secum

1957 4890 2178 4944 adduxit
2205 4890 2271 4942 ab
2299 4887 2528 4957 Egypto
2557 4890 2796 4957 veniens,
2823 4889 2891 4944 ab
2939 4889 3040 4944 hac
3085 4890 3216 4944 urbe
3261 4899 3526 4959 separate.

1959 4984 2056 5036 Diu
2078 4991 2160 5037 est
2188 4981 2330 5036 enim
2359 4980 2497 5051 quod
2531 4982 2580 5035 bi
2610 4982 2697 5050 qui
2742 4980 3030 5036 Christiani
3061 4980 3309 5035 dicuntur
3349 4982 3530 5051 reipu-

1957 5074 2107 5128 blicae
2138 5073 2481 5140 nocent:qoi
2531 5072 2751 5126 irrident
2782 5071 2958 5141 legum
3003 5081 3303 5125 nostrarum
3347 5086 3528 5126 sacro-

1960 5177 2142 5220 sancta
2174 5164 2518 5228 eteremonia,
2543 5173 2596 5218 et
2623 5163 3012 5233 omnipotentes
3044 5163 3174 5218 deos
3203 5175 3433 5229 nostros,
3463 5179 3530 5220 ac

1959 5258 2002 5311 si
2035 5272 2167 5310 vana
2217 5255 2520 5320 simulacra,
2563 5256 2878 5324 deSpieiunt.
2929 5256 3052 5309 Jura
3103 5271 3313 5325 quoque
3359 5256 3527 5325 ipsius

1961 5359 2165 5403 naturae
2219 5356 2560 5416 pervertunt,
2609 5357 2856 5415 separant
2916 5347 3251 5416 conjugium,
3306 5347 3531 5417 gratiam

1962 5453 2277 5508 sponsarum
2310 5438 2408 5492 sibi
2437 5437 2734 5503 associant;
2765 5448 2819 5492 et
2843 5439 3023 5493 dicunt
3049 5441 3285 5509 iniquum
3317 5455 3458 5506 esse,
3488 5440 3535 5493 si

1962 5546 2216 5600 sponsum
2252 5544 2405 5583 suum
2433 5545 2625 5597 sponsa
2654 5532 2899 5598 accipiat.
2927 5531 3063 5599 Quid
3092 5532 3366 5597 faciemus,
3403 5533 3534 5601 piis-

1960 5629 2079 5681 siuti
2110 5627 2495 5696 imperatores?
2522 5627 2723 5682 inventi
2960 5637 3083 5680 sunt
3112 5625 3185 5680 dii
3228 5623 3315 5694 qui
3362 5624 3535 5678 homi-

1963 5736 2058 5776 nes
2089 5719 2433 5789 prohibeant,
2464 5726 2519 5774 et
2545 5719 2732 5790 quibus
2769 5721 2870 5775 ista
2898 5716 3177 5782 videbunt,
3211 5717 3256 5771 si
3286 5714 3392 5769 nati
3423 5726 3528 5767 non

3062 5826 3132 5890 20
