4020 6246
550 320 653 375 619

1605 320 1690 375 DE
1733 319 1902 376 VITIS
1944 317 2216 374 PATRU.“
2257 318 2453 372 LIBER
2499 318 2758 374 PRIMUS.

3672 327 3782 387 620

562 430 761 487 fuerint
788 431 979 498 quibus
1006 430 1179 484 valeat
1208 429 1492 499 imperari?
1523 429 1620 484 Ubi
1648 432 1911 498 reparatio
1942 431 2121 483 lloma-
2150 438 2193 489 Α
2228 427 2353 482 nihil
2384 429 2525 481 aliud
2559 430 2900 494 remanserit,
2943 430 3045 484 nisi
3075 431 3182 484 sola
3221 446 3333 496 ara,
3366 449 3481 501 quae
3516 435 3613 490 fuit
3653 449 3777 493 ante

556 538 739 579 narum
769 523 993 577 virium?
1026 524 1110 576 ubi
1144 521 1362 575 Romani
1391 523 1656 575 exercitus
1685 521 1920 575 rediviva
1950 532 2107 573 certa-

534 614 736 668 mina?
766 614 868 668 Pro
906 614 1096 683 quibus
1139 614 1381 667 vietrices
1423 614 1624 666 dextrte
1652 622 1844 667 vestra:
1888 612 2112 666 hostium

552 710 788 761 cervices
835 705 1185 765 inchoabunt,
1227 704 1269 754 si
1311 703 1417 771 jam
1467 717 1659 757 uxores
1705 702 1958 758 habenda:
2007 718 2111 757 non

550 808 736 863 erunt,
765 800 807 850 si
835 810 1053 864 sponsas
1075 794 1384 857 amittimus,
1415 804 1468 847 et
1494 794 1764 847 tacemus?

622 890 749 943 Car.
776 886 1052 941 Χχνιε-
1082 885 1203 939 lltec
1229 898 1277 939 et
1309 887 1387 939 his
1407 886 1593 940 similia
1619 885 1742 939 dum
1771 900 2117 955 prosequere-

556 992 665 1045 tur,
692 989 747 1035 et
775 982 947 1034 omnis
970 989 1180 1031 senatus
1209 993 1268 1031 ea
1301 978 1458 1032 flebili
1490 979 1702 1047 querela
1745 979 2079 1043 depromeret
2098 1019 2112 1041 ,

556 1075 790 1127 decrevit
829 1070 1097 1124 Gallienus
1139 1071 1403 1139 Augustus
1447 1070 1583 1136 (i6),
1627 1080 1682 1121 ut
1729 1077 1819 1123 aut
1866 1083 2113 1137 sponsum

557 1179 711 1217 suum
758 1162 943 1216 Ilasilla
979 1160 1270 1226 acciperet,
1306 1169 1395 1213 aut
1438 1160 1611 1229 gladio
1641 1159 1911 1224 interiret;
1949 1160 2117 1228 Euge-

556 1255 697 1307 niam
722 1268 845 1306 vero
870 1260 960 1303 aut
985 1250 1280 1305 sacriﬁcate
1305 1252 1422 1315 diis,
1447 1262 1532 1303 ant
1553 1252 1833 1304 crudeliter
1862 1251 2112 1316 interire;

557 1353 612 1398 et
634 1342 776 1397 dedit
803 1342 1064 1397 licentiam
1089 1353 1145 1394 ut
1172 1343 1468 1410 quicunque
1489 1342 1842 1394 Clitistianutn
1875 1357 2030 1409 penes
2059 1357 2117 1396 se

558 1433 908 1488 absconderet
939 1433 1225 1500 puniretur.
1270 1431 1592 1485 Convenitur
1623 1432 1834 1492 Basilla,
1868 1442 1923 1484 ut
1954 1446 2116 1500 Spon-

555 1542 673 1583 sum
696 1526 933 1594 recipiat.
960 1524 1093 1577 Dicit
1117 1539 1174 1578 se
1201 1524 1286 1576 illa
1313 1525 1505 1593 [legem
1531 1540 1710 1594 regum
1742 1523 1935 1577 habt-re
1960 1540 2114 1590 Spon-

557 1632 673 1672 sum
694 1659 707 1683 ,
734 1618 823 1685 qui
854 1626 933 1671 est
960 1614 1200 1670 Christus
1233 1615 1392 1670 Filius
1424 1615 1535 1668 Dei.
1570 1615 1636 1669 Et
1664 1629 1782 1668 cum
1816 1615 1927 1669 haec
1956 1614 2118 1668 dixis-

558 1712 848 1782 set,gladio
873 1710 1155 1765 transfossa
1179 1719 1280 1764 est.
1306 1709 1456 1763 Tenti
1486 1708 1659 1762 statim
1688 1709 1875 1763 Protus
1901 1717 1953 1762 et
1981 1710 2116 1779 [lya-

557 1803 793 1869 cinthus,
827 1802 1102 1855 trahuntur
1139 1800 1205 1855 ad
1238 1800 1521 1868 templum;
1566 1799 1659 1854 sed
1688 1801 1976 1853 orationem
2013 1800 2117 1854 illis
2151 1821 2192 1879 Β

557 1894 889 1960 facientibus,
922 1893 1261 1947 simulacrum
1311 1892 1457 1945 .Iovis
1493 1891 1557 1944 ad
1607 1891 1746 1961 quod
1790 1892 2114 1946 ducebantur

561 1984 881 2053 sacriﬁcare,
914 1984 1106 2039 cecidit
1134 1984 1198 2038 ad
1251 1985 1409 2053 pedes
1453 2000 1665 2050 eorum;
1709 1994 1761 2037 et
1800 1986 1867 2037 ita
1897 1985 2115 2038 commi-

560 2086 744 2131 nutum
774 2086 881 2141 est,
911 2086 966 2130 ut
1004 2076 1094 2131 ubi
1134 2076 1319 2140 fuerit,
1353 2092 1455 2131 non
1505 2085 1728 2146 pareret.
1778 2076 1891 2133 Non
1939 2077 2117 2135 virtuti

564 2166 778 2233 divinae,
806 2166 898 2220 sed
932 2170 1145 2235 magicze
1165 2166 1264 2219 arti
1298 2167 1395 2223 hoc
1424 2169 1708 2240 imputans,
1730 2170 1881 2239 jubet
1908 2185 1999 2225 eos
2024 2169 2120 2226 de-

558 2260 741 2315 collari
769 2259 999 2315 Nicetius
1020 2259 1164 2316 urbis
1191 2260 1487 2331 praefectus.

625 2346 754 2405 CAP.
786 2350 994 2405 XXVII.
1025 2380 1092 2390 -—
1118 2352 1216 2417 Qui
1245 2352 1404 2405 etiam
1430 2354 1736 2407 accersitam
1769 2352 1833 2405 ad
1862 2366 1920 2406 se
1950 2351 2119 2421 Euge-

562 2442 703 2496 niam
731 2444 892 2512 cmpit
914 2444 980 2498 de
1010 2443 1224 2513 magicis
1248 2444 1445 2497 artibus
1473 2444 1539 2498 ab
1562 2460 1620 2497 ea
1654 2444 1887 2513 ﬂagitare
1910 2458 2121 2499 sermo-

551 2550 703 2587 neor.
746 2536 814 2588 At
859 2534 943 2587 illa
991 2545 1291 2589 constanter
1339 2551 1399 2588 os
1441 2551 1596 2590 suum
1639 2536 1902 2604 aperiens,
1940 2533 2110 2591 dixit:

571 2623 827 2679 Polliceor
851 2625 941 2678 tibi
968 2627 1103 2694 quod
1127 2642 1172 2677 ai
1188 2640 1213 2677 s
1238 2636 1412 2679 nostra
1436 2627 1797 2680 vehementior
1822 2627 1984 2696 magis
2004 2638 2118 2696 est;

573 2732 691 2771 nam
723 2717 968 2786 magisur
996 2726 1176 2770 noster
1207 2718 1363 2771 habet
1393 2717 1597 2771 Patrem
1628 2719 1742 2772 sine
1773 2719 1876 2771 ulla
1926 2727 2117 2783 matre,

562 2822 617 2864 et
645 2821 864 2864 matrem
906 2811 1101 2880 absque
1149 2818 1315 2882 patre.
1369 2812 1602 2879 Denique
1645 2812 1722 2865 sic
1770 2827 1891 2866 eum
1939 2815 2120 2881 genuit

565 2902 739 2967 Pater,
772 2910 827 2954 ut
855 2902 1068 2955 omnino
1099 2902 1346 2956 feminam
1381 2917 1643 2970 nunquam
1672 2902 1864 2967 sciret;
1895 2902 1968 2955 sic
1998 2917 2117 2956 eum

559 2993 741 3061 genuit
770 3002 958 3056 mater,
995 3000 1050 3045 ut
1086 2994 1375 3047 masculum
1406 2994 1621 3047 omnino
1650 3007 1754 3045 non
1786 3003 2000 3045 nosset:
2036 2991 2119 3046 hic

562 3087 675 3153 ipse
703 3084 860 3138 habet
886 3099 1102 3138 uxorem
1128 3083 1379 3152 virginem
1400 3127 1414 3151 ,
1445 3101 1560 3153 quae
1592 3084 1665 3138 illi
1713 3086 1952 3153 quotidie
1985 3087 2119 3140 filios

2214 522 2427 588 januam
2465 520 2673 588 templi,
2702 521 2764 573 ad
2794 536 2951 590 quam
2980 522 3145 576 stabat
3179 523 3326 577 beata
3365 525 3619 594 Ettgenia.
3653 528 3784 585 Ilaec

2219 610 2472 665 ininsula
2529 610 2783 680 Lycaonia
2831 622 2976 681 gesta
3015 622 3137 665 sunt
3182 628 3357 667 coram
3409 618 3660 672 omnibus
3684 622 3773 688 qui

2216 704 2571 771 sequebantur
2599 717 2816 771 agonem
2849 703 3113 771 Eugeniae.
3151 703 3235 757 Fit
3273 718 3563 760 CODCIII‘SIIS
3596 710 3768 777 populi

2221 794 2476 860 Romani,
2520 807 2570 849 et
2610 794 2749 849 varia
2780 796 3105 848 acclamatio.
3145 797 3245 850 Alii
3293 798 3477 852 dicunt
3525 800 3768 856 innocen-

2218 892 2345 949 tem,
2374 883 2464 937 alii
2489 900 2711 953 magatn.
2742 885 3056 938 Nuntiantur
3081 886 3175 939 ista
3207 888 3477 954 praefecto,
3504 891 3774 957 praefectus

2222 976 2531 1043 imperatori
2583 976 2901 1029 manifestat.
2945 976 3234 1044 Imperator
3275 994 3390 1030 eam
3434 979 3585 1048 jubet
3628 982 3774 1050 Ilgari

2217 1080 2371 1127 saxo,
2400 1078 2454 1119 et
2496 1066 2808 1134 praecipitari
2842 1066 2892 1119 iu
2923 1066 3185 1132 Tiberim;
3228 1070 3320 1121 sed
3368 1070 3544 1124 statim
3589 1086 3775 1126 saxum

2218 1157 2509 1225 disruptum
2538 1167 2639 1209 est.
2674 1162 2829 1211 beata
2857 1174 2980 1212 vero
3013 1159 3242 1229 Eugenia
3274 1162 3339 1213 ita
3372 1164 3584 1227 sedens,
3617 1181 3782 1233 super

2218 1247 2411 1302 fluviali
2442 1264 2572 1315 aqua
2603 1249 2939 1314 eﬂ'erehatur,
2976 1261 3031 1302 ut
3058 1253 3302 1305 omnibus
3341 1254 3655 1309 Christianis
3685 1274 3777 1325 ap-

2221 1348 2432 1408 pareret
2458 1340 2603 1392 illum
2635 1339 2796 1393 fuisse
2821 1354 2937 1393 cum
2970 1339 3200 1409 Eugenia
3229 1343 3281 1395 in
3311 1343 3549 1411 flumine,
3583 1362 3649 1400 ne
3677 1348 3771 1401 ab-

2219 1432 2525 1486 sorberetur
2553 1431 2641 1499 qui
2682 1431 2851 1487 fuerat
2873 1447 2993 1486 cum
3024 1432 3177 1486 Petro
3205 1434 3255 1487 in
3284 1435 3450 1503 mari,
3480 1451 3546 1491 ne
3574 1453 3781 1507 merge-

2218 1532 2383 1576 I'CIIII‘.

2287 1613 2412 1667 Car.
2440 1612 2630 1668 XXlX.
2654 1640 2723 1659 -ρ
2748 1613 2874 1669 Item
2925 1613 3046 1669 inde
3081 1613 3307 1683 sublata,
3353 1618 3405 1672 in
3453 1618 3778 1673 thermarum

2217 1703 2618 1758 Severianarum
2667 1703 2970 1759 fornacibus
3009 1706 3237 1761 mittitur
3269 1725 3283 1762 :
3322 1724 3437 1777 qua:
3478 1710 3554 1765 sic
3595 1720 3783 1764 statim

2217 1796 2487 1850 exstincta:
2517 1806 2670 1859 sunt,
2703 1807 2759 1849 ut
2806 1800 3126 1850 thermarum
3180 1797 3323 1852 calor
3367 1800 3771 1868 refrigesceret,

2219 1896 2274 1941 et
2296 1888 2473 1941 omnia
2519 1888 2761 1943 incendia
2805 1886 3061 1959 lignorum
3103 1888 3170 1946 ad
3194 1890 3405 1947 nihilum
3435 1870 3772 1949 devenchnt.

2219 1980 2307 2036 Sic
2334 1980 2560 2052 denique
2583 1983 2745 2037 chaos
2775 1984 3015 2039 fecerunt
3036 2030 3050 2053 ,
3080 1994 3137 2039 ut
3165 1988 3371 2042 ulterius
3393 1988 3627 2042 exhiberi
3658 2005 3775 2041 non

2218 2084 2453 2147 possent.
2483 2078 2705 2137 Mittitur
2730 2086 2848 2145 post
2876 2077 2988 2132 litec
3011 2080 3062 2130 in
3092 2079 3378 2132 custodiam
3408 2078 3779 2139 tenebrarum.

2219 2176 2272 2222 et
2302 2182 2393 2236 per
2423 2168 2604 2222 decem
2628 2168 2742 2223 dies
2765 2168 2981 2238 jubetur
3009 2170 3211 2223 nullum
3237 2170 3408 2223 cibum
3434 2170 3697 2237 accipere,
3726 2180 3781 2223 et

2222 2259 2397 2313 lumen
2430 2259 2635 2327 penitus
2661 2275 2765 2313 non
2794 2260 2989 2314 videre.
3026 2259 3101 2314 lbi
3139 2270 3314 2314 autem
3345 2269 3517 2313 tantus
3546 2259 3773 2328 queiidie

2221 2349 2505 2404 abundavit
2534 2349 2801 2419 splendor,
2832 2358 2887 2404 ut
2914 2350 3038 2405 dum
3069 2352 3407 2419 egrederetur
3429 2352 3581 2405 beata
3610 2350 3774 2419 Euge-

2222 2443 2328 2505 nia,
2372 2440 2516 2509 quasi
2564 2441 2739 2496 lumen
2784 2440 2999 2513 aliquod
3039 2444 3289 2497 radiaret.
3320 2444 3577 2513 Apparuit
3602 2454 3769 2497 autem

2220 2533 2297 2588 illi
2323 2532 2587 2599 Salvator,
2615 2529 2793 2588 ferens
2822 2533 2871 2587 in
2902 2550 3058 2588 manu
3088 2549 3274 2602 panem
3300 2535 3436 2589 nivei
3461 2533 3697 2587 candoris
3716 2541 3773 2588 et

2223 2627 2493 2681 immensae
2532 2626 2804 2681 suavitatis
2843 2636 2897 2683 et
2923 2630 3126 2697 gratiae,
3150 2638 3203 2682 et
3241 2628 3373 2681 dixit
3399 2629 3487 2682 ei:
3524 2626 3773 2697 Eugenia,

2219 2717 2399 2785 accipe
2426 2714 2598 2771 cibum
2630 2716 2696 2771 de
2722 2732 2878 2771 manu
2909 2733 3055 2781 mea;
3084 2733 3184 2787 ego
3210 2734 3326 2772 sum
3361 2718 3609 2774 Salvator
3638 2729 3777 2783 tuus,

2219 2824 2373 2877 quem
2417 2815 2525 2861 tota
2571 2809 2764 2864 mentis
2793 2810 3058 2878 animique
3103 2810 3391 2865 intentione
3430 2809 3696 2872 dilexiSti,
3727 2817 3782 2861 et

2220 2900 2416 2969 diligis.
2445 2901 2640 2955 Eodem
2663 2900 2749 2956 die
2777 2911 2828 2955 te
2858 2901 2907 2955 in
2938 2903 3090 2956 cretis
3120 2902 3400 2970 recipiam,
3432 2916 3534 2969 quo
3561 2915 3659 2969 ego
3689 2900 3779 2952 de-

2220 2994 2399 3048 sceudi
2430 2994 2497 3048 ad
2527 3002 2742 3049 terram.
2770 2994 2835 3046 Et
2860 2995 2971 3048 haec
2996 2994 3195 3058 dicens,
3225 2994 3503 3048 abscessit.
3537 2995 3652 3059 Ipso
3685 3008 3782 3044 an-

2225 3094 2329 3139 tem
2354 3085 2443 3140 die
2470 3086 2672 3140 Natalis
2700 3085 2901 3139 Domini
2934 3087 3122 3140 missus
3142 3096 3223 3140 est
3246 3086 3522 3155 gladiator,
3548 3085 3637 3153 qui
3663 3099 3782 3138 eatis

562 3186 733 3245 creat,
762 3181 921 3232 etiam
973 3178 1383 3233 innumerabiles
1412 3179 1458 3232 ei
1501 3178 1637 3231 Iilios
1684 3179 1851 3245 parit,
1883 3179 2116 3246 quotidie
2143 3199 2191 3263 ο
2223 3178 2273 3230 in
2296 3177 2527 3231 custodia
2555 3179 2777 3247 positam
2808 3178 3092 3245 percussit;
3115 3188 3169 3233 et
3193 3181 3450 3233 subfatum
3476 3190 3557 3232 est
3582 3192 3782 3243 corpus

565 3281 711 3319 suam
743 3282 955 3321 carnem
1003 3270 1117 3335 ejus
1164 3269 1409 3323 carnibus
1447 3270 1735 3337 conjungit.
1765 3270 1954 3322 Osuu'a
2006 3270 2119 3339 ejus

566 3363 703 3417 circa
731 3379 845 3417 eam
869 3363 980 3417 sine
1011 3363 1399 3418 intermissione
1425 3366 1709 3429 sociantur,
1742 3365 1789 3418 iu
1816 3381 1993 3419 amore
2024 3381 2120 3420 suo

566 3454 793 3509 invicem
824 3459 1041 3510 omnino
1069 3457 1379 3525 perdurant,
1404 3468 1457 3512 et
1493 3468 1633 3510 tanta
1667 3459 1963 3527 integritate
1994 3458 2122 3512 sub-

568 3544 791 3609 sistunt,
823 3555 880 3601 ut
920 3549 1092 3602 omnis
1137 3549 1427 3617 virginitas,
1466 3559 1521 3603 et
1564 3564 1736 3604 omnis
1779 3550 2030 3617 charttas,
2069 3558 2120 3604 et

569 3641 742 3695 omnis
770 3641 1040 3711 integritas
1063 3658 1128 3697 ex
1153 3659 1333 3699 eorum
1361 3646 1604 3717 conjugio
1627 3645 1924 3703 dirimatur.

629 3730 760 3786 CAP.
791 3731 1025 3788 XXVIII.
1048 3763 1118 3775 —
1143 3734 1374 3790 Audiens
1405 3735 1516 3790 haec
1543 3735 1794 3801 Nicetius,
1822 3736 2118 3805 obstupuit;

559 3830 617 3876 et
643 3836 709 3876 ne
738 3824 802 3876 ad
831 3821 1207 3892 imperatorem
1243 3826 1542 3894 perveniret
1568 3828 1706 3895 quod
1734 3842 1851 3881 eam
1894 3827 2119 3883 libenter

562 3915 793 3978 audiret,
833 3917 990 3983 jussit
1028 3929 1144 3969 eam
1171 3915 1236 3970 ad
1270 3918 1524 3985 templum
1555 3917 1674 3970 duci
1721 3916 1934 3982 Diana;
1968 3927 2020 3971 et
2049 3918 2118 3973 ita

565 4004 852 4072 spiculator
883 4004 1181 4069 imminens,
1210 4006 1344 4059 dixit
1372 4008 1418 4059 ei
1445 4024 1457 4059 :
1493 4005 1711 4061 Redime
1752 4016 1909 4060 Vitam
1941 4017 2080 4060 tuam
2100 4051 2116 4076 ,

566 4094 936 4161 patrimonium
962 4105 1136 4161 tuum,
1165 4096 1416 4166 Eugenia,
1443 4105 1496 4151 ct
1517 4098 1752 4152 sacrifica
1777 4098 1891 4152 deae
1918 4097 2116 4152 Dianae.

562 4182 712 4238 Tunc
740 4184 894 4239 beata
942 4186 1172 4256 Eogenia
1211 4187 1513 4257 expandens
1556 4204 1743 4244 manus
1786 4203 1932 4257 suas,
1960 4198 2121 4257 ctepit

562 4289 716 4331 orare
741 4289 804 4331 ac
829 4277 1005 4332 dicere
1029 4296 1042 4332 :
1078 4279 1234 4346 Deus,
1260 4282 1348 4349 qui
1377 4280 1548 4335 cordis
1576 4283 1676 4336 mei
1707 4298 1897 4337 arcana
1927 4298 2123 4354 cogno-

560 4364 687 4429 scis,
720 4366 809 4434 qui
849 4367 1201 4437 virginitatem
1236 4384 1403 4424 meam
1447 4374 1706 4425 sinceram
1736 4374 1788 4426 in
1822 4385 1910 4427 tuo
1939 4389 2121 4429 amore

559 4457 815 4523 servasti,
848 4458 935 4527 qui
963 4475 1046 4514 me
1072 4458 1206 4515 Filio
1234 4469 1323 4514 tuo
1349 4461 1569 4516 Domino
1599 4478 1716 4517 meo
1745 4463 1869 4519 Jesu
1902 4464 2118 4521 Christo

2222 3271 2289 3323 ab
2314 3271 2558 3323 alfmibus
2582 3270 2914 3333 Christianis,
2943 3281 2995 3324 et
3027 3274 3256 3341 positum
3283 3280 3363 3325 est
3390 3286 3493 3325 non
3532 3271 3688 3339 longe
3714 3269 3784 3324 ab

2222 3362 2348 3415 urbe
2367 3366 2448 3414 via
2475 3360 2660 3414 Latina
2686 3363 2736 3414 in
2763 3361 2961 3430 praedio
2982 3363 3097 3430 ejus
3123 3364 3355 3432 proprio,
3377 3362 3466 3416 ubi
3492 3363 3781 3415 multorum

2219 3464 2521 3507 sanctorum
2548 3451 2664 3521 ipsa
2690 3451 2970 3520 sepelierat
2995 3453 3253 3509 membra.

2288 3562 2417 3619 Car.
2441 3563 2607 3617 XXX.
2630 3593 2700 3605 —
2727 3562 2935 3619 Claudia
2978 3575 3153 3620 autem
3192 3575 3360 3619 mater
3397 3565 3533 3635 ejus,
3564 3579 3683 3620 cum
3710 3564 3774 3618 ad

2220 3655 2336 3721 ejus
2363 3654 2661 3723 sepulcrum
2693 3654 2877 3719 ﬂeret,
2907 3656 3148 3724 apparuit
3178 3656 3227 3709 ei
3258 3655 3494 3724 vigilanti
3521 3655 3575 3709 in
3608 3655 3776 3707 medio

2224 3747 2394 3801 noctis
2418 3746 2649 3810 silentio,
2673 3760 2803 3800 auro
2834 3756 2975 3800 texta
2998 3746 3213 3815 cyclade
3239 3748 3438 3810 induta,
3467 3760 3585 3798 cum
3614 3744 3775 3797 multo

2223 3837 2413 3907 populo
2444 3838 2738 3907 virginum,
2764 3846 2818 3893 et
2843 3839 2984 3893 dixit
3009 3839 3094 3892 ei:
3127 3837 3310 3891 Gaude
3340 3846 3393 3890 et
3423 3836 3619 3898 laetare,
3650 3834 3774 3903 quia

2218 3941 2271 3986 et
2293 3946 2375 3984 me
2396 3930 2682 3984 introduxit
2699 3929 2939 3985 Christus
2954 3929 3005 3983 in
3026 3928 3429 3983 exsultationem
3452 3937 3774 3992 sanctorum,

2219 4031 2273 4076 et
2290 4031 2496 4091 patrem
2516 4036 2688 4075 meum
2712 4022 2762 4075 in
2789 4022 3198 4089 patriarcharum
3223 4034 3522 4073 numerum.
3541 4018 3675 4072 Ecce
3689 4017 3780 4070 die

2225 4110 2497 4165 Dominico
2522 4120 2575 4164 et
2614 4118 2665 4165 te
2691 4110 2944 4179 suscipiet
2990 4110 3041 4164 in
3090 4109 3336 4180 gaudium
3378 4108 3779 4176 sempiternum.

2218 4198 2540 4256 Commenda
2562 4200 2681 4255 filiis
2703 4202 2803 4256 tuis
2830 4201 3076 4256 fratribus
3100 4200 3231 4255 meis
3250 4200 3517 4257 custodire
3539 4200 3781 4269 signacu-

2220 4293 2327 4347 lum
2353 4293 2544 4360 crucis,
2575 4300 2637 4347 ut
2660 4291 2953 4348 efﬁciantur
2981 4292 3147 4347 nostri
3178 4290 3481 4361 participes.
3510 4290 3667 4353 Ecce,
3700 4290 3784 4343 lo-

2219 4394 2411 4453 quente
2436 4399 2520 4451 ea,
2544 4383 2676 4439 facta
2696 4392 2777 4439 est
2799 4384 3034 4447 claritas,
3057 4383 3219 4455 359
3242 4397 3394 4452 quam
3421 4383 3605 4435 oculus
3635 4381 3787 4435 ferre

2222 4490 2325 4529 non
2358 4483 2591 4545 poterat;
2612 4484 2665 4529 et
2690 4474 2861 4545 angeli
2881 4482 3233 4543 transeuntes,
3262 4474 3507 4544 hymnum
3530 4471 3789 4523 dicebant

558 4548 767 4604 δοείθτθ
794 4549 1038 4621 ἀίεηθιυε
1063 4564 1141 4615 θεν
1175 4552 1262 4618 qui
1307 4550 1559 4619 δρίτίιυηι
1603 4565 1842 4608 δδηειυῐη
1887 4564 2031 4610 "lum
2064 4558 2115 4611 Ῐιι
2150 4574 2201 4633 1)
2227 4567 2332 4620 Deo
2360 4565 2800 4621 inenarrabilibus
2830 4565 3069 4620 vocibus.
3097 4566 3205 4619 lloc
3238 4568 3402 4619 solum
3440 4560 3788 4629 intelligeba-

561 4655 647 4695 tne
673 4641 1093 4710 regnarefecisti
1114 4685 1128 4705 ,
1160 4642 1343 4698 adesto
1374 4645 1500 4699 mihi
1532 4659 1669 4700 nunc
1700 4646 1751 4700 in
1780 4647 2118 4703 confessione

560 4732 790 4787 nominis
818 4733 910 4795 tui,
941 4744 996 4787 ut
1020 4732 1413 4789 confundantur
1436 4751 1623 4791 omnes
1648 4738 1737 4808 qui
1765 4738 1986 4793 adorant
2012 4739 2114 4795 hoc

566 4822 765 4877 idolum
785 4862 802 4887 ,
832 4832 893 4877 et
914 4826 1004 4893 qui
1035 4825 1323 4895 gloriantur
1350 4826 1402 4878 in
1434 4826 1726 4883 simulacris
1750 4829 1881 4884 suis.
1909 4830 1974 4884 Et
1995 4830 2119 4885 dum

564 4924 771 4982 oraret,
801 4916 860 4971 lit
894 4924 1229 4971 terrmotus
1256 4916 1308 4971 in
1346 4918 1533 4973 eodem
1573 4920 1721 4987 loco;
1749 4931 1804 4975 et
1831 4924 1901 4976 ita
1938 4925 2123 4994 templi

560 5011 730 5079 Ipsius
774 5010 1117 5068 fundamenta
1162 5026 1334 5067 mersa
1374 5020 1499 5068 sunt
1542 5027 1659 5068 cum
1698 5012 1814 5083 ipso
1860 5014 2024 5084 idolo,
2069 5025 2125 5071 ut

2224 4666 2325 4722 tur,
2346 4658 2484 4727 quod
2507 4672 2698 4712 nomen
2719 4655 2844 4713 Jesu
2864 4656 3059 4711 Christi
3077 4666 3132 4712 et
3147 4656 3367 4726 Spiritus
3384 4652 3551 4709 sancti
3574 4654 3627 4706 in
3650 4654 3790 4721 ipsis

2225 4749 2467 4805 laudibus
2495 4750 2830 4806 resonabant.
2859 4749 3034 4805 Gloria
3065 4758 3119 4804 et
3149 4750 3317 4804 honor
3348 4747 3517 4812 Patri,
3539 4754 3595 4802 et
3625 4744 3785 4808 Filio,

2222 4850 2278 4896 et
2314 4840 2532 4909 Spiritui
2573 4850 2780 4907 sancto,
2802 4848 2858 4895 et
2884 4853 3041 4908 nunc,
3067 4848 3123 4895 et
3149 4852 3383 4909 semper,
3411 4845 3469 4892 et
3491 4838 3544 4891 in
3587 4835 3780 4890 saecula

2226 4933 2561 4987 saeculorum.
2587 4933 2775 4986 Amen.

1826 5146 2185 5207 ROSWEYDI
2222 5150 2534 5207 NOTATIO.

632 5251 713 5323 (l)
762 5251 1047 5327 [ingenim]
1084 5254 1508 5327 Martyrologium
1558 5256 1852 5314 Romanum
1900 5260 1970 5315 25
2018 5262 2117 5316 De-

564 5327 789 5397 ceuibris
819 5340 831 5374 :
868 5342 886 5397 ς
921 5324 1103 5397 Roma:
1142 5328 1195 5381 in
1224 5324 1543 5382 ’cmntEterio
1588 5332 1871 5397 Aproniani
1921 5342 2116 5387 sanctae

566 5393 1076 5469 Eugenitevlrgiuis.
1106 5414 1223 5463 qua:
1252 5412 1489 5464 tempore
1532 5393 1753 5454 Gallieni
1786 5404 2118 5469 imperatoris

565 5473 681 5540 post
704 5464 921 5540 plurima
951 5464 1197 5521 virtutum
1229 5469 1472 5537 insignia,
1506 5484 1621 5536 poSt
1647 5486 1827 5525 sacros
1858 5464 2116 5540 virginum

563 5533 756 5612 choros
784 5532 995 5612 Christo
1039 5532 1367 5612 aggregatos',
1397 5532 1730 5612 sub'l’licetio
1760 5542 1903 5598 urbis
1931 5532 2117 5612 priete-

562 5614 649 5683 cto
677 5603 764 5683 diu
809 5603 1128 5683 agonizans,
1159 5603 1443 5683 novissime
1485 5611 1655 5681 gladio
1690 5603 2055 5683 jugulata'est.
2091 5634 2111 5667 ι

562 5672 821 5754 Menolog.
870 5672 1173 5730 Graecinum
1218 5672 1591 5754 24_Decetiib.,
1637 5672 1783 5738 Act;
1813 5687 1927 5754 ejus
1967 5699 2113 5737 com~

560 5746 815 5813 pendiose
865 5754 1115 5801 retexens
1160 5762 1175 5801 :
1231 5766 1249 5800 ι
1282 5746 1587 5808 Certamen
1616 5762 1815 5811 sancta:
1841 5746 2116 5826 'Eugenia:

2225 5265 2473 5333 martyris
2499 5271 2551 5318 et
2578 5264 2862 5319 sociorum.
2897 5264 3020 5319 Iltec
3051 5264 3144 5318 fuit
3171 5265 3270 5320 sub
3297 5266 3585 5320 Commodo
3613 5266 3791 5335 impe-

2226 5346 2399 5388 ratore
2431 5335 2533 5388 lilia
2563 5335 2783 5389 Tribuni
2811 5336 2861 5389 in
2898 5336 3025 5389 urbe
3056 5335 3240 5390 Roma.
3271 5336 3459 5391 Missus
3488 5347 3661 5390 autem
3695 5353 3791 5402 pa-

2225 5416 2304 5457 ter
2328 5406 2396 5459 ab
2426 5407 2743 5473 imperatore
2771 5406 2821 5459 in
2848 5405 3111 5461 civitatem
3142 5407 3496 5468 Alexandriae,
3529 5418 3585 5460 ut
3617 5410 3758 5461 tribu
3784 5442 3791 5448 -

2225 5486 2377 5529 natus
2405 5479 2767 5546 magistratum
2795 5486 3025 5544 gereret.
3055 5491 3235 5532 secum
3284 5478 3432 5531 vexit
3460 5493 3687 5531 uxorem
3733 5486 3794 5531 et

2226 5547 2381 5613 lilios,
2420 5563 2642 5615 quorum
2672 5562 2771 5601 una
2804 5547 2900 5601 fuit
2929 5549 3079 5599 beata
3114 5550 3343 5617 Eugenia
3375 5564 3387 5600 :
3417 5563 3537 5613 qua:
3567 5564 3690 5602 cum
3717 5550 3794 5600 lit-

2225 5624 2365 5670 teras
2395 5619 2678 5679 edisceret,
2731 5626 2785 5671 et
2827 5617 2877 5670 in
2926 5619 3208 5671 multorum
3256 5620 3506 5673 librorum
3558 5620 3797 5672 lectione

2222 5697 2541 5752 versaretur,
2567 5686 2751 5741 incidit
2766 5686 2817 5740 in
2831 5685 3084 5756 epistolas
3105 5688 3506 5755 sanctiapostoli
3526 5689 3699 5755 Pauli,
3722 5702 3795 5742 ex

2180 5826 2191 5833 .
2220 5756 2410 5826 quibus
2434 5756 2631 5816 Christi
2663 5757 2818 5818 ﬁdem
2847 5756 3051 5815 didicit.
3082 5756 3264 5830 Itaque
3292 5760 3494 5830 patrios
3524 5763 3794 5815 tumultus
