  <div class='ocr_page' id='page_1' title='image "/cluster/home/n/w/nwhite01/storage/ocr_20150623/73/uva.x000827085/320.png"; bbox 0 0 4020 6236; ppageno 0'>
   <div class='ocr_carea' id='block_1_1' title="bbox 302 359 406 416">
    <p class='ocr_par' dir='ltr' id='par_1_1' title="bbox 302 359 406 416">
     <span class='ocr_line' id='line_1_1' title="bbox 302 359 406 416; baseline 0 -1"><span class='ocrx_word' id='word_1_1' title='bbox 302 359 406 416; x_wconf 71' lang='grc'><strong>625</strong></span> 
     </span>
    </p>
   </div>
   <div class='ocr_carea' id='block_1_2' title="bbox 1247 335 2580 406">
    <p class='ocr_par' dir='ltr' id='par_1_2' title="bbox 1247 335 2580 406">
     <span class='ocr_line' id='line_1_2' title="bbox 1247 335 2580 406; baseline -0.011 0"><span class='ocrx_word' id='word_1_2' title='bbox 1247 350 1405 406; x_wconf 78' lang='lat' dir='ltr'><strong>VITA</strong></span> <span class='ocrx_word' id='word_1_3' title='bbox 1445 341 1734 402; x_wconf 65' lang='grc' dir='ltr'><strong>ΞΑΝΩΤίΕ</strong></span> <span class='ocrx_word' id='word_1_4' title='bbox 1779 336 2219 402; x_wconf 68' lang='lat' dir='ltr'><strong>EUPHRASIIE,</strong></span> <span class='ocrx_word' id='word_1_5' title='bbox 2263 335 2580 392; x_wconf 78' lang='lat' dir='ltr'><strong>VIRGINIS.</strong></span> 
     </span>
    </p>
   </div>
   <div class='ocr_carea' id='block_1_3' title="bbox 3429 334 3533 387">
    <p class='ocr_par' dir='ltr' id='par_1_3' title="bbox 3429 334 3533 387">
     <span class='ocr_line' id='line_1_3' title="bbox 3429 334 3533 387; baseline -0.038 1"><span class='ocrx_word' id='word_1_6' title='bbox 3429 334 3533 387; x_wconf 73' lang='lat'><strong>626</strong></span> 
     </span>
    </p>
   </div>
   <div class='ocr_carea' id='block_1_4' title="bbox 303 445 3532 543">
    <p class='ocr_par' dir='ltr' id='par_1_4' title="bbox 303 445 3532 543">
     <span class='ocr_line' id='line_1_4' title="bbox 303 445 3532 543; baseline -0.004 -26"><span class='ocrx_word' id='word_1_7' title='bbox 303 474 410 543; x_wconf 57' lang='lat' dir='ltr'><strong>uis,</strong></span> <span class='ocrx_word' id='word_1_8' title='bbox 443 470 721 526; x_wconf 77' lang='lat' dir='ltr'><strong>mundanis</strong></span> <span class='ocrx_word' id='word_1_9' title='bbox 751 465 1158 539; x_wconf 75' lang='lat' dir='ltr'><strong>cogitationibus</strong></span> <span class='ocrx_word' id='word_1_10' title='bbox 1187 460 1399 530; x_wconf 84' lang='lat' dir='ltr'><strong>obligati</strong></span> <span class='ocrx_word' id='word_1_11' title='bbox 1429 475 1442 524; x_wconf 90' lang='lat'><strong>;</strong></span> <span class='ocrx_word' id='word_1_12' title='bbox 1474 468 1529 513; x_wconf 91' lang='lat' dir='ltr'><strong>et</strong></span> <span class='ocrx_word' id='word_1_13' title='bbox 1568 457 1619 510; x_wconf 94' lang='lat' dir='ltr'><strong>in</strong></span> <span class='ocrx_word' id='word_1_14' title='bbox 1663 453 1864 509; x_wconf 78' lang='lat' dir='ltr'><strong>fallacia</strong></span> <span class='ocrx_word' id='word_1_15' title='bbox 1893 451 1942 509; x_wconf 78' lang='grc' dir='ltr'><strong>Α</strong></span> <span class='ocrx_word' id='word_1_16' title='bbox 1972 449 2226 504; x_wconf 84' lang='lat' dir='ltr'><strong>mulieres</strong></span> <span class='ocrx_word' id='word_1_17' title='bbox 2254 457 2522 502; x_wconf 90' lang='lat' dir='ltr'><strong>matronas</strong></span> <span class='ocrx_word' id='word_1_18' title='bbox 2547 445 2810 515; x_wconf 79' lang='lat' dir='ltr'><strong>persuasit</strong></span> <span class='ocrx_word' id='word_1_19' title='bbox 2837 447 3090 514; x_wconf 79' lang='lat' dir='ltr'><strong>Augustae</strong></span> <span class='ocrx_word' id='word_1_20' title='bbox 3120 456 3171 501; x_wconf 92' lang='lat' dir='ltr'><strong>ut</strong></span> <span class='ocrx_word' id='word_1_21' title='bbox 3201 449 3316 504; x_wconf 87' lang='lat' dir='ltr'><strong>sine</strong></span> <span class='ocrx_word' id='word_1_22' title='bbox 3348 451 3532 504; x_wconf 80' lang='lat' dir='ltr'><strong>notitia</strong></span> 
     </span>
    </p>
   </div>
   <div class='ocr_carea' id='block_1_5' title="bbox 303 550 1862 632">
    <p class='ocr_par' dir='ltr' id='par_1_5' title="bbox 303 550 1862 632">
     <span class='ocr_line' id='line_1_5' title="bbox 303 550 1862 632; baseline -0.013 -17"><span class='ocrx_word' id='word_1_23' title='bbox 303 562 462 632; x_wconf 77' lang='lat' dir='ltr'><strong>positi</strong></span> <span class='ocrx_word' id='word_1_24' title='bbox 491 562 854 631; x_wconf 87' lang='lat' dir='ltr'><strong>temporalium</strong></span> <span class='ocrx_word' id='word_1_25' title='bbox 894 557 1218 620; x_wconf 86' lang='lat' dir='ltr'><strong>divitiarum,</strong></span> <span class='ocrx_word' id='word_1_26' title='bbox 1253 551 1366 605; x_wconf 88' lang='lat' dir='ltr'><strong>dies</strong></span> <span class='ocrx_word' id='word_1_27' title='bbox 1404 556 1616 604; x_wconf 81' lang='lat' dir='ltr'><strong>nostros</strong></span> <span class='ocrx_word' id='word_1_28' title='bbox 1665 550 1862 598; x_wconf 88' lang='lat' dir='ltr'><strong>frustra</strong></span> 
     </span>
    </p>
   </div>
   <div class='ocr_carea' id='block_1_6' title="bbox 304 637 1868 714">
    <p class='ocr_par' dir='ltr' id='par_1_6' title="bbox 304 637 1868 714">
     <span class='ocr_line' id='line_1_6' title="bbox 304 637 1868 714; baseline -0.015 -5"><span class='ocrx_word' id='word_1_29' title='bbox 304 655 686 714; x_wconf 81' lang='lat' dir='ltr'><strong>consumimus.</strong></span> <span class='ocrx_word' id='word_1_30' title='bbox 722 650 846 705; x_wconf 88' lang='lat' dir='ltr'><strong>nihil</strong></span> <span class='ocrx_word' id='word_1_31' title='bbox 891 647 1164 702; x_wconf 76' lang='lat' dir='ltr'><strong>animabus</strong></span> <span class='ocrx_word' id='word_1_32' title='bbox 1211 643 1408 697; x_wconf 89' lang='lat' dir='ltr'><strong>nostris</strong></span> <span class='ocrx_word' id='word_1_33' title='bbox 1449 641 1647 694; x_wconf 87' lang='lat' dir='ltr'><strong>utiliter</strong></span> <span class='ocrx_word' id='word_1_34' title='bbox 1688 637 1868 706; x_wconf 86' lang='lat' dir='ltr'><strong>acqui-</strong></span> 
     </span>
    </p>
   </div>
   <div class='ocr_carea' id='block_1_7' title="bbox 305 729 1869 803">
    <p class='ocr_par' dir='ltr' id='par_1_7' title="bbox 305 729 1869 803">
     <span class='ocr_line' id='line_1_7' title="bbox 305 729 1869 803; baseline -0.012 -3"><span class='ocrx_word' id='word_1_35' title='bbox 305 755 502 802; x_wconf 89' lang='lat' dir='ltr'><strong>rentes.</strong></span> <span class='ocrx_word' id='word_1_36' title='bbox 536 745 768 800; x_wconf 84' lang='lat' dir='ltr'><strong>Audiens</strong></span> <span class='ocrx_word' id='word_1_37' title='bbox 807 751 978 795; x_wconf 88' lang='lat' dir='ltr'><strong>autem</strong></span> <span class='ocrx_word' id='word_1_38' title='bbox 1018 740 1131 791; x_wconf 76' lang='lat' dir='ltr'><strong>hzec</strong></span> <span class='ocrx_word' id='word_1_39' title='bbox 1180 733 1478 803; x_wconf 79' lang='lat' dir='ltr'><strong>Euphraxia</strong></span> <span class='ocrx_word' id='word_1_40' title='bbox 1503 773 1517 796; x_wconf 95' lang='lat'><strong>,</strong></span> <span class='ocrx_word' id='word_1_41' title='bbox 1553 730 1687 784; x_wconf 84' lang='lat' dir='ltr'><strong>dixit</strong></span> <span class='ocrx_word' id='word_1_42' title='bbox 1721 729 1869 781; x_wconf 85' lang='lat' dir='ltr'><strong>Anti-</strong></span> 
     </span>
    </p>
   </div>
   <div class='ocr_carea' id='block_1_8' title="bbox 305 820 1869 907">
    <p class='ocr_par' dir='ltr' id='par_1_8' title="bbox 305 820 1869 907">
     <span class='ocr_line' id='line_1_8' title="bbox 305 820 1869 907; baseline -0.012 -16"><span class='ocrx_word' id='word_1_43' title='bbox 305 853 449 907; x_wconf 85' lang='lat' dir='ltr'><strong>gono</strong></span> <span class='ocrx_word' id='word_1_44' title='bbox 480 837 592 891; x_wconf 92' lang='lat' dir='ltr'><strong>viro</strong></span> <span class='ocrx_word' id='word_1_45' title='bbox 617 849 714 889; x_wconf 89' lang='lat' dir='ltr'><strong>suo</strong></span> <span class='ocrx_word' id='word_1_46' title='bbox 741 851 753 886; x_wconf 92' lang='lat'>:</span> <span class='ocrx_word' id='word_1_47' title='bbox 782 834 845 886; x_wconf 84' lang='lat' dir='ltr'><strong>Et</strong></span> <span class='ocrx_word' id='word_1_48' title='bbox 875 831 997 901; x_wconf 90' lang='lat' dir='ltr'><strong>quid</strong></span> <span class='ocrx_word' id='word_1_49' title='bbox 1017 830 1196 899; x_wconf 88' lang='lat' dir='ltr'><strong>juhes,</strong></span> <span class='ocrx_word' id='word_1_50' title='bbox 1229 828 1444 882; x_wconf 61' lang='lat' dir='ltr'><strong>domine</strong></span> <span class='ocrx_word' id='word_1_51' title='bbox 1474 825 1574 888; x_wconf 90' lang='lat' dir='ltr'><strong>mi,</strong></span> <span class='ocrx_word' id='word_1_52' title='bbox 1606 831 1663 876; x_wconf 93' lang='lat' dir='ltr'><strong>ut</strong></span> <span class='ocrx_word' id='word_1_53' title='bbox 1711 820 1869 874; x_wconf 81' lang='lat' dir='ltr'><strong>facia-</strong></span> 
     </span>
    </p>
   </div>
   <div class='ocr_carea' id='block_1_9' title="bbox 307 914 1870 986">
    <p class='ocr_par' dir='ltr' id='par_1_9' title="bbox 307 914 1870 986">
     <span class='ocr_line' id='line_1_9' title="bbox 307 914 1870 986; baseline -0.011 -4"><span class='ocrx_word' id='word_1_54' title='bbox 307 929 467 983; x_wconf 77' lang='lat' dir='ltr'><strong>mus?</strong></span> <span class='ocrx_word' id='word_1_55' title='bbox 493 927 584 980; x_wconf 91' lang='lat' dir='ltr'><strong>Cui</strong></span> <span class='ocrx_word' id='word_1_56' title='bbox 629 925 762 980; x_wconf 81' lang='lat' dir='ltr'><strong>dixit</strong></span> <span class='ocrx_word' id='word_1_57' title='bbox 801 919 1327 986; x_wconf 67' lang='lat' dir='ltr'><strong>AntigonuszlJnam</strong></span> <span class='ocrx_word' id='word_1_58' title='bbox 1375 919 1532 972; x_wconf 87' lang='lat' dir='ltr'><strong>ﬁliam</strong></span> <span class='ocrx_word' id='word_1_59' title='bbox 1583 931 1675 984; x_wconf 90' lang='lat' dir='ltr'><strong>per</strong></span> <span class='ocrx_word' id='word_1_60' title='bbox 1705 914 1870 968; x_wconf 91' lang='lat' dir='ltr'><strong>Deum</strong></span> 
     </span>
    </p>
   </div>
   <div class='ocr_carea' id='block_1_10' title="bbox 308 1003 1867 1088">
    <p class='ocr_par' dir='ltr' id='par_1_10' title="bbox 308 1003 1867 1088">
     <span class='ocr_line' id='line_1_10' title="bbox 308 1003 1867 1088; baseline -0.012 -16"><span class='ocrx_word' id='word_1_61' title='bbox 308 1017 700 1088; x_wconf 90' lang='lat' dir='ltr'><strong>acquisivimus,</strong></span> <span class='ocrx_word' id='word_1_62' title='bbox 734 1029 849 1083; x_wconf 80' lang='lat' dir='ltr'><strong>quae</strong></span> <span class='ocrx_word' id='word_1_63' title='bbox 879 1012 1075 1067; x_wconf 82' lang='lat' dir='ltr'><strong>sufﬁcit</strong></span> <span class='ocrx_word' id='word_1_64' title='bbox 1100 1009 1270 1077; x_wconf 84' lang='lat' dir='ltr'><strong>nobis,</strong></span> <span class='ocrx_word' id='word_1_65' title='bbox 1295 1017 1350 1063; x_wconf 89' lang='lat' dir='ltr'><strong>et</strong></span> <span class='ocrx_word' id='word_1_66' title='bbox 1375 1018 1702 1076; x_wconf 87' lang='lat' dir='ltr'><strong>nequaquam</strong></span> <span class='ocrx_word' id='word_1_67' title='bbox 1732 1003 1867 1055; x_wconf 91' lang='lat' dir='ltr'><strong>ultra</strong></span> 
     </span>
    </p>
   </div>
   <div class='ocr_carea' id='block_1_11' title="bbox 311 1093 1870 1164">
    <p class='ocr_par' dir='ltr' id='par_1_11' title="bbox 311 1093 1870 1164">
     <span class='ocr_line' id='line_1_11' title="bbox 311 1093 1870 1164; baseline -0.012 0"><span class='ocrx_word' id='word_1_68' title='bbox 311 1109 687 1164; x_wconf 82' lang='lat' dir='ltr'><strong>conveniamus</strong></span> <span class='ocrx_word' id='word_1_69' title='bbox 717 1104 1006 1159; x_wconf 80' lang='lat' dir='ltr'><strong>infelicitati</strong></span> <span class='ocrx_word' id='word_1_70' title='bbox 1038 1118 1099 1156; x_wconf 87' lang='lat' dir='ltr'><strong>ac</strong></span> <span class='ocrx_word' id='word_1_71' title='bbox 1137 1115 1367 1155; x_wconf 66' lang='lat' dir='ltr'><strong>miserta:</strong></span> <span class='ocrx_word' id='word_1_72' title='bbox 1398 1097 1600 1152; x_wconf 69' lang='lat' dir='ltr'><strong>smculi.</strong></span> <span class='ocrx_word' id='word_1_73' title='bbox 1636 1093 1870 1149; x_wconf 87' lang='lat' dir='ltr'><strong>Audiens</strong></span> 
     </span>
    </p>
   </div>
   <div class='ocr_carea' id='block_1_12' title="bbox 315 1189 1875 1272">
    <p class='ocr_par' dir='ltr' id='par_1_12' title="bbox 315 1189 1875 1272">
     <span class='ocr_line' id='line_1_12' title="bbox 315 1189 1875 1272; baseline -0.012 -13"><span class='ocrx_word' id='word_1_74' title='bbox 315 1207 426 1260; x_wconf 73' lang='lat' dir='ltr'><strong>haec</strong></span> <span class='ocrx_word' id='word_1_75' title='bbox 459 1201 784 1272; x_wconf 88' lang='lat' dir='ltr'><strong>Euphraxia,</strong></span> <span class='ocrx_word' id='word_1_76' title='bbox 815 1212 1140 1266; x_wconf 83' lang='lat' dir='ltr'><strong>consurgens</strong></span> <span class='ocrx_word' id='word_1_77' title='bbox 1182 1193 1418 1249; x_wconf 84' lang='lat' dir='ltr'><strong>extendit</strong></span> <span class='ocrx_word' id='word_1_78' title='bbox 1448 1205 1635 1246; x_wconf 89' lang='lat' dir='ltr'><strong>manus</strong></span> <span class='ocrx_word' id='word_1_79' title='bbox 1666 1189 1730 1241; x_wconf 92' lang='lat' dir='ltr'><strong>ad</strong></span> <span class='ocrx_word' id='word_1_80' title='bbox 1761 1201 1875 1242; x_wconf 73' lang='lat' dir='ltr'><strong>cm-</strong></span> 
     </span>
    </p>
   </div>
   <div class='ocr_carea' id='block_1_13' title="bbox 315 1280 1876 1366">
    <p class='ocr_par' dir='ltr' id='par_1_13' title="bbox 315 1280 1876 1366">
     <span class='ocr_line' id='line_1_13' title="bbox 315 1280 1876 1366; baseline -0.015 -13"><span class='ocrx_word' id='word_1_81' title='bbox 315 1299 448 1364; x_wconf 92' lang='lat' dir='ltr'><strong>lum,</strong></span> <span class='ocrx_word' id='word_1_82' title='bbox 479 1307 532 1353; x_wconf 95' lang='lat' dir='ltr'><strong>et</strong></span> <span class='ocrx_word' id='word_1_83' title='bbox 556 1295 907 1366; x_wconf 81' lang='lat' dir='ltr'><strong>ingemiscens</strong></span> <span class='ocrx_word' id='word_1_84' title='bbox 933 1292 1065 1344; x_wconf 81' lang='lat' dir='ltr'><strong>dixit</strong></span> <span class='ocrx_word' id='word_1_85' title='bbox 1095 1291 1208 1342; x_wconf 91' lang='lat' dir='ltr'><strong>viro</strong></span> <span class='ocrx_word' id='word_1_86' title='bbox 1253 1301 1349 1340; x_wconf 90' lang='lat' dir='ltr'><strong>suo</strong></span> <span class='ocrx_word' id='word_1_87' title='bbox 1374 1283 1638 1353; x_wconf 81' lang='lat' dir='ltr'><strong>Antigono</strong></span> <span class='ocrx_word' id='word_1_88' title='bbox 1662 1297 1677 1334; x_wconf 87' lang='lat'>:</span> <span class='ocrx_word' id='word_1_89' title='bbox 1705 1280 1876 1333; x_wconf 83' lang='lat' dir='ltr'><strong>Bene-</strong></span> 
     </span>
    </p>
   </div>
   <div class='ocr_carea' id='block_1_14' title="bbox 315 1369 1879 1455">
    <p class='ocr_par' dir='ltr' id='par_1_14' title="bbox 315 1369 1879 1455">
     <span class='ocr_line' id='line_1_14' title="bbox 315 1369 1879 1455; baseline -0.014 -11"><span class='ocrx_word' id='word_1_90' title='bbox 315 1391 490 1444; x_wconf 86' lang='lat' dir='ltr'><strong>dictus</strong></span> <span class='ocrx_word' id='word_1_91' title='bbox 522 1388 660 1442; x_wconf 88' lang='lat' dir='ltr'><strong>Deus</strong></span> <span class='ocrx_word' id='word_1_92' title='bbox 683 1427 698 1452; x_wconf 96' lang='lat'><strong>,</strong></span> <span class='ocrx_word' id='word_1_93' title='bbox 729 1383 820 1455; x_wconf 92' lang='lat' dir='ltr'><strong>qui</strong></span> <span class='ocrx_word' id='word_1_94' title='bbox 860 1384 1077 1452; x_wconf 88' lang='lat' dir='ltr'><strong>dignum</strong></span> <span class='ocrx_word' id='word_1_95' title='bbox 1109 1389 1160 1435; x_wconf 93' lang='lat' dir='ltr'><strong>te</strong></span> <span class='ocrx_word' id='word_1_96' title='bbox 1206 1379 1330 1433; x_wconf 71' lang='lat' dir='ltr'><strong>fecit</strong></span> <span class='ocrx_word' id='word_1_97' title='bbox 1361 1377 1549 1430; x_wconf 88' lang='lat' dir='ltr'><strong>timore</strong></span> <span class='ocrx_word' id='word_1_98' title='bbox 1578 1388 1697 1442; x_wconf 87' lang='lat' dir='ltr'><strong>suo,</strong></span> <span class='ocrx_word' id='word_1_99' title='bbox 1728 1379 1781 1426; x_wconf 91' lang='lat' dir='ltr'><strong>et</strong></span> <span class='ocrx_word' id='word_1_100' title='bbox 1811 1369 1879 1423; x_wconf 89' lang='lat' dir='ltr'><strong>ad</strong></span> 
     </span>
    </p>
   </div>
   <div class='ocr_carea' id='block_1_15' title="bbox 316 1463 1881 1552">
    <p class='ocr_par' dir='ltr' id='par_1_15' title="bbox 316 1463 1881 1552">
     <span class='ocr_line' id='line_1_15' title="bbox 316 1463 1881 1552; baseline -0.013 -16"><span class='ocrx_word' id='word_1_101' title='bbox 316 1482 670 1552; x_wconf 73' lang='lat' dir='ltr'><strong>cognitionem</strong></span> <span class='ocrx_word' id='word_1_102' title='bbox 701 1475 937 1530; x_wconf 82' lang='lat' dir='ltr'><strong>veritatis</strong></span> <span class='ocrx_word' id='word_1_103' title='bbox 967 1473 1208 1527; x_wconf 88' lang='lat' dir='ltr'><strong>adduxit.</strong></span> <span class='ocrx_word' id='word_1_104' title='bbox 1238 1468 1394 1534; x_wconf 78' lang='lat' dir='ltr'><strong>Vere,</strong></span> <span class='ocrx_word' id='word_1_105' title='bbox 1422 1465 1656 1530; x_wconf 89' lang='lat' dir='ltr'><strong>domine,</strong></span> <span class='ocrx_word' id='word_1_106' title='bbox 1688 1463 1881 1529; x_wconf 78' lang='lat' dir='ltr'><strong>szepius</strong></span> 
     </span>
    </p>
   </div>
   <div class='ocr_carea' id='block_1_16' title="bbox 318 1561 1879 1641">
    <p class='ocr_par' dir='ltr' id='par_1_16' title="bbox 318 1561 1879 1641">
     <span class='ocr_line' id='line_1_16' title="bbox 318 1561 1879 1641; baseline -0.014 -15"><span class='ocrx_word' id='word_1_107' title='bbox 318 1570 608 1641; x_wconf 88' lang='lat' dir='ltr'><strong>supplicavi</strong></span> <span class='ocrx_word' id='word_1_108' title='bbox 639 1568 766 1632; x_wconf 90' lang='lat' dir='ltr'><strong>Deo,</strong></span> <span class='ocrx_word' id='word_1_109' title='bbox 799 1578 854 1620; x_wconf 85' lang='lat' dir='ltr'><strong>ut</strong></span> <span class='ocrx_word' id='word_1_110' title='bbox 882 1580 974 1619; x_wconf 89' lang='lat' dir='ltr'><strong>cor</strong></span> <span class='ocrx_word' id='word_1_111' title='bbox 1005 1574 1151 1616; x_wconf 92' lang='lat' dir='ltr'><strong>tuum</strong></span> <span class='ocrx_word' id='word_1_112' title='bbox 1189 1561 1529 1622; x_wconf 91' lang='lat' dir='ltr'><strong>illuminaret,</strong></span> <span class='ocrx_word' id='word_1_113' title='bbox 1565 1564 1619 1611; x_wconf 94' lang='lat' dir='ltr'><strong>et</strong></span> <span class='ocrx_word' id='word_1_114' title='bbox 1649 1563 1879 1609; x_wconf 89' lang='lat' dir='ltr'><strong>mentem</strong></span> 
     </span>
    </p>
   </div>
   <div class='ocr_carea' id='block_1_17' title="bbox 319 1646 1883 1732">
    <p class='ocr_par' dir='ltr' id='par_1_17' title="bbox 319 1646 1883 1732">
     <span class='ocr_line' id='line_1_17' title="bbox 319 1646 1883 1732; baseline -0.013 -12"><span class='ocrx_word' id='word_1_115' title='bbox 319 1675 462 1720; x_wconf 90' lang='lat' dir='ltr'><strong>tuam</strong></span> <span class='ocrx_word' id='word_1_116' title='bbox 497 1678 590 1732; x_wconf 92' lang='lat' dir='ltr'><strong>pro</strong></span> <span class='ocrx_word' id='word_1_117' title='bbox 622 1662 720 1716; x_wconf 92' lang='lat' dir='ltr'><strong>hac</strong></span> <span class='ocrx_word' id='word_1_118' title='bbox 747 1674 905 1714; x_wconf 88' lang='lat' dir='ltr'><strong>causa</strong></span> <span class='ocrx_word' id='word_1_119' title='bbox 936 1657 1134 1710; x_wconf 88' lang='lat' dir='ltr'><strong>faceret</strong></span> <span class='ocrx_word' id='word_1_120' title='bbox 1162 1655 1484 1718; x_wconf 86' lang='lat' dir='ltr'><strong>elucesccre,</strong></span> <span class='ocrx_word' id='word_1_121' title='bbox 1519 1649 1612 1705; x_wconf 90' lang='lat' dir='ltr'><strong>sed</strong></span> <span class='ocrx_word' id='word_1_122' title='bbox 1661 1648 1760 1702; x_wconf 87' lang='lat' dir='ltr'><strong>hoc</strong></span> <span class='ocrx_word' id='word_1_123' title='bbox 1790 1646 1883 1701; x_wconf 91' lang='lat' dir='ltr'><strong>tibi</strong></span> 
     </span>
    </p>
   </div>
   <div class='ocr_carea' id='block_1_18' title="bbox 321 1740 1885 1831">
    <p class='ocr_par' dir='ltr' id='par_1_18' title="bbox 321 1740 1885 1831">
     <span class='ocr_line' id='line_1_18' title="bbox 321 1740 1885 1831; baseline -0.013 -18"><span class='ocrx_word' id='word_1_124' title='bbox 321 1759 555 1831; x_wconf 85' lang='lat' dir='ltr'><strong>pandere</strong></span> <span class='ocrx_word' id='word_1_125' title='bbox 585 1772 688 1811; x_wconf 91' lang='lat' dir='ltr'><strong>non</strong></span> <span class='ocrx_word' id='word_1_126' title='bbox 717 1752 1060 1826; x_wconf 86' lang='lat' dir='ltr'><strong>praesumpsi,</strong></span> <span class='ocrx_word' id='word_1_127' title='bbox 1092 1751 1212 1820; x_wconf 87' lang='lat' dir='ltr'><strong>quia</strong></span> <span class='ocrx_word' id='word_1_128' title='bbox 1245 1763 1368 1802; x_wconf 86' lang='lat' dir='ltr'><strong>vero</strong></span> <span class='ocrx_word' id='word_1_129' title='bbox 1399 1747 1512 1811; x_wconf 86' lang='lat' dir='ltr'><strong>ipse</strong></span> <span class='ocrx_word' id='word_1_130' title='bbox 1544 1742 1711 1798; x_wconf 88' lang='lat' dir='ltr'><strong>fecisti</strong></span> <span class='ocrx_word' id='word_1_131' title='bbox 1743 1740 1885 1808; x_wconf 88' lang='lat' dir='ltr'><strong>prin-</strong></span> 
     </span>
    </p>
   </div>
   <div class='ocr_carea' id='block_1_19' title="bbox 1970 536 3536 611">
    <p class='ocr_par' dir='ltr' id='par_1_19' title="bbox 1970 536 3536 611">
     <span class='ocr_line' id='line_1_19' title="bbox 1970 536 3536 611; baseline -0.001 -16"><span class='ocrx_word' id='word_1_132' title='bbox 1970 542 2222 611; x_wconf 88' lang='lat' dir='ltr'><strong>principis</strong></span> <span class='ocrx_word' id='word_1_133' title='bbox 2249 542 2504 604; x_wconf 88' lang='lat' dir='ltr'><strong>mitteret,</strong></span> <span class='ocrx_word' id='word_1_134' title='bbox 2532 546 2585 593; x_wconf 91' lang='lat' dir='ltr'><strong>et</strong></span> <span class='ocrx_word' id='word_1_135' title='bbox 2609 536 2927 606; x_wconf 70' lang='lat' dir='ltr'><strong>Euphraxiaa</strong></span> <span class='ocrx_word' id='word_1_136' title='bbox 2956 537 3181 608; x_wconf 84' lang='lat' dir='ltr'><strong>conjugii</strong></span> <span class='ocrx_word' id='word_1_137' title='bbox 3215 542 3373 594; x_wconf 87' lang='lat' dir='ltr'><strong>verba</strong></span> <span class='ocrx_word' id='word_1_138' title='bbox 3403 557 3536 595; x_wconf 86' lang='lat' dir='ltr'><strong>tutn-</strong></span> 
     </span>
    </p>
   </div>
   <div class='ocr_carea' id='block_1_20' title="bbox 1971 629 3540 698">
    <p class='ocr_par' dir='ltr' id='par_1_20' title="bbox 1971 629 3540 698">
     <span class='ocr_line' id='line_1_20' title="bbox 1971 629 3540 698; baseline -0.001 -13"><span class='ocrx_word' id='word_1_139' title='bbox 1971 635 2144 686; x_wconf 87' lang='lat' dir='ltr'><strong>tiaret.</strong></span> <span class='ocrx_word' id='word_1_140' title='bbox 2175 632 2302 698; x_wconf 73' lang='lat' dir='ltr'><strong>Quae</strong></span> <span class='ocrx_word' id='word_1_141' title='bbox 2329 647 2449 686; x_wconf 90' lang='lat' dir='ltr'><strong>cum</strong></span> <span class='ocrx_word' id='word_1_142' title='bbox 2479 629 2738 694; x_wconf 84' lang='lat' dir='ltr'><strong>audisset,</strong></span> <span class='ocrx_word' id='word_1_143' title='bbox 2766 643 2947 683; x_wconf 90' lang='lat' dir='ltr'><strong>amare</strong></span> <span class='ocrx_word' id='word_1_144' title='bbox 2985 629 3147 693; x_wconf 83' lang='lat' dir='ltr'><strong>ﬂevit,</strong></span> <span class='ocrx_word' id='word_1_145' title='bbox 3177 638 3234 684; x_wconf 90' lang='lat' dir='ltr'><strong>et</strong></span> <span class='ocrx_word' id='word_1_146' title='bbox 3260 629 3395 684; x_wconf 82' lang='lat' dir='ltr'><strong>dixit</strong></span> <span class='ocrx_word' id='word_1_147' title='bbox 3425 646 3540 684; x_wconf 75' lang='lat' dir='ltr'><strong>mu—</strong></span> 
     </span>
    </p>
   </div>
   <div class='ocr_carea' id='block_1_21' title="bbox 1972 721 3541 796">
    <p class='ocr_par' dir='ltr' id='par_1_21' title="bbox 1972 721 3541 796">
     <span class='ocr_line' id='line_1_21' title="bbox 1972 721 3541 796; baseline -0.001 -15"><span class='ocrx_word' id='word_1_148' title='bbox 1972 727 2194 781; x_wconf 88' lang='lat' dir='ltr'><strong>lierihus</strong></span> <span class='ocrx_word' id='word_1_149' title='bbox 2223 741 2340 796; x_wconf 67' lang='lat' dir='ltr'><strong>quae</strong></span> <span class='ocrx_word' id='word_1_150' title='bbox 2370 725 2583 780; x_wconf 82' lang='lat' dir='ltr'><strong>fuerant</strong></span> <span class='ocrx_word' id='word_1_151' title='bbox 2610 723 2890 778; x_wconf 72' lang='lat' dir='ltr'><strong>destinatae</strong></span> <span class='ocrx_word' id='word_1_152' title='bbox 2915 741 2927 775; x_wconf 94' lang='lat'>:</span> <span class='ocrx_word' id='word_1_153' title='bbox 2956 721 3046 776; x_wconf 68' lang='lat' dir='ltr'><strong>Va:</strong></span> <span class='ocrx_word' id='word_1_154' title='bbox 3087 721 3237 777; x_wconf 79' lang='lat' dir='ltr'><strong>vobis</strong></span> <span class='ocrx_word' id='word_1_155' title='bbox 3265 721 3316 776; x_wconf 93' lang='lat' dir='ltr'><strong>in</strong></span> <span class='ocrx_word' id='word_1_156' title='bbox 3365 721 3541 779; x_wconf 93' lang='lat' dir='ltr'><strong>futuro</strong></span> 
     </span>
    </p>
   </div>
   <div class='ocr_carea' id='block_1_22' title="bbox 1975 814 3544 888">
    <p class='ocr_par' dir='ltr' id='par_1_22' title="bbox 1975 814 3544 888">
     <span class='ocr_line' id='line_1_22' title="bbox 1975 814 3544 888; baseline -0.003 -16"><span class='ocrx_word' id='word_1_157' title='bbox 1975 819 2203 884; x_wconf 82' lang='lat' dir='ltr'><strong>saeculo,</strong></span> <span class='ocrx_word' id='word_1_158' title='bbox 2231 833 2347 888; x_wconf 65' lang='lat' dir='ltr'><strong>quae</strong></span> <span class='ocrx_word' id='word_1_159' title='bbox 2377 816 2505 871; x_wconf 89' lang='lat' dir='ltr'><strong>mihi</strong></span> <span class='ocrx_word' id='word_1_160' title='bbox 2539 815 2658 871; x_wconf 87' lang='lat' dir='ltr'><strong>talia</strong></span> <span class='ocrx_word' id='word_1_161' title='bbox 2686 815 3038 884; x_wconf 84' lang='lat' dir='ltr'><strong>persuadetis,</strong></span> <span class='ocrx_word' id='word_1_162' title='bbox 3070 822 3124 870; x_wconf 90' lang='lat' dir='ltr'><strong>et</strong></span> <span class='ocrx_word' id='word_1_163' title='bbox 3150 814 3218 870; x_wconf 82' lang='lat' dir='ltr'><strong>ad</strong></span> <span class='ocrx_word' id='word_1_164' title='bbox 3262 816 3387 869; x_wconf 90' lang='lat' dir='ltr'><strong>talia</strong></span> <span class='ocrx_word' id='word_1_165' title='bbox 3415 830 3544 868; x_wconf 86' lang='lat' dir='ltr'><strong>con-</strong></span> 
     </span>
    </p>
   </div>
   <div class='ocr_carea' id='block_1_23' title="bbox 1974 906 3542 978">
    <p class='ocr_par' dir='ltr' id='par_1_23' title="bbox 1974 906 3542 978">
     <span class='ocr_line' id='line_1_23' title="bbox 1974 906 3542 978; baseline -0.002 -15"><span class='ocrx_word' id='word_1_166' title='bbox 1974 910 2189 964; x_wconf 88' lang='lat' dir='ltr'><strong>curritis</strong></span> <span class='ocrx_word' id='word_1_167' title='bbox 2217 917 2402 964; x_wconf 90' lang='lat' dir='ltr'><strong>contra</strong></span> <span class='ocrx_word' id='word_1_168' title='bbox 2435 908 2714 962; x_wconf 86' lang='lat' dir='ltr'><strong>mulierem</strong></span> <span class='ocrx_word' id='word_1_169' title='bbox 2738 952 2752 976; x_wconf 86' lang='lat'><strong>,</strong></span> <span class='ocrx_word' id='word_1_170' title='bbox 2783 922 2900 978; x_wconf 68' lang='lat' dir='ltr'><strong>quae</strong></span> <span class='ocrx_word' id='word_1_171' title='bbox 2942 906 3232 962; x_wconf 87' lang='lat' dir='ltr'><strong>secundum</strong></span> <span class='ocrx_word' id='word_1_172' title='bbox 3264 906 3431 962; x_wconf 87' lang='lat' dir='ltr'><strong>Deum</strong></span> <span class='ocrx_word' id='word_1_173' title='bbox 3464 907 3542 960; x_wconf 83' lang='lat' dir='ltr'><strong>vi-</strong></span> 
     </span>
    </p>
   </div>
   <div class='ocr_carea' id='block_1_24' title="bbox 1977 998 3542 1067">
    <p class='ocr_par' dir='ltr' id='par_1_24' title="bbox 1977 998 3542 1067">
     <span class='ocr_line' id='line_1_24' title="bbox 1977 998 3542 1067; baseline -0.002 -14"><span class='ocrx_word' id='word_1_174' title='bbox 1977 1016 2101 1056; x_wconf 89' lang='lat' dir='ltr'><strong>vere</strong></span> <span class='ocrx_word' id='word_1_175' title='bbox 2150 999 2387 1056; x_wconf 88' lang='lat' dir='ltr'><strong>festinat.</strong></span> <span class='ocrx_word' id='word_1_176' title='bbox 2440 999 2695 1054; x_wconf 70' lang='lat' dir='ltr'><strong>liecedite</strong></span> <span class='ocrx_word' id='word_1_177' title='bbox 2726 1013 2755 1051; x_wconf 91' lang='lat' dir='ltr'><strong>a</strong></span> <span class='ocrx_word' id='word_1_178' title='bbox 2787 1013 2892 1064; x_wconf 92' lang='lat' dir='ltr'><strong>me,</strong></span> <span class='ocrx_word' id='word_1_179' title='bbox 2943 998 3192 1067; x_wconf 89' lang='lat' dir='ltr'><strong>quoniam</strong></span> <span class='ocrx_word' id='word_1_180' title='bbox 3235 1007 3542 1053; x_wconf 81' lang='lat' dir='ltr'><strong>extraneani</strong></span> 
     </span>
    </p>
   </div>
   <div class='ocr_carea' id='block_1_25' title="bbox 1977 1088 3548 1161">
    <p class='ocr_par' dir='ltr' id='par_1_25' title="bbox 1977 1088 3548 1161">
     <span class='ocr_line' id='line_1_25' title="bbox 1977 1088 3548 1161; baseline 0 -17"><span class='ocrx_word' id='word_1_181' title='bbox 1977 1091 2444 1161; x_wconf 84' lang='lat' dir='ltr'><strong>congregationem</strong></span> <span class='ocrx_word' id='word_1_182' title='bbox 2475 1097 2708 1143; x_wconf 87' lang='lat' dir='ltr'><strong>vestram</strong></span> <span class='ocrx_word' id='word_1_183' title='bbox 2751 1104 2890 1144; x_wconf 93' lang='lat' dir='ltr'><strong>nunc</strong></span> <span class='ocrx_word' id='word_1_184' title='bbox 2929 1089 3134 1158; x_wconf 83' lang='lat' dir='ltr'><strong>egistis.</strong></span> <span class='ocrx_word' id='word_1_185' title='bbox 3165 1089 3274 1144; x_wconf 66' lang='lat' dir='ltr'><strong>Illa:</strong></span> <span class='ocrx_word' id='word_1_186' title='bbox 3299 1104 3426 1144; x_wconf 88' lang='lat' dir='ltr'><strong>vero</strong></span> <span class='ocrx_word' id='word_1_187' title='bbox 3453 1088 3548 1144; x_wconf 85' lang='lat' dir='ltr'><strong>de-</strong></span> 
     </span>
    </p>
   </div>
   <div class='ocr_carea' id='block_1_26' title="bbox 1977 1172 3542 1251">
    <p class='ocr_par' dir='ltr' id='par_1_26' title="bbox 1977 1172 3542 1251">
     <span class='ocr_line' id='line_1_26' title="bbox 1977 1172 3542 1251; baseline 0.001 -17"><span class='ocrx_word' id='word_1_188' title='bbox 1977 1179 2216 1235; x_wconf 64' lang='lat' dir='ltr'><strong>formata;</strong></span> <span class='ocrx_word' id='word_1_189' title='bbox 2261 1179 2626 1246; x_wconf 84' lang='lat' dir='ltr'><strong>discedentes,</strong></span> <span class='ocrx_word' id='word_1_190' title='bbox 2677 1172 3074 1236; x_wconf 49' lang='lat' dir='ltr'><strong>nuntiaverunt&quot;</strong></span> <span class='ocrx_word' id='word_1_191' title='bbox 3105 1182 3357 1251; x_wconf 70' lang='lat' dir='ltr'><strong>Augusta:</strong></span> <span class='ocrx_word' id='word_1_192' title='bbox 3425 1196 3542 1250; x_wconf 66' lang='lat' dir='ltr'><strong>quae</strong></span> 
     </span>
    </p>
   </div>
   <div class='ocr_carea' id='block_1_27' title="bbox 1978 1270 3541 1344">
    <p class='ocr_par' dir='ltr' id='par_1_27' title="bbox 1978 1270 3541 1344">
     <span class='ocr_line' id='line_1_27' title="bbox 1978 1270 3541 1344; baseline -0.001 -16"><span class='ocrx_word' id='word_1_193' title='bbox 1978 1282 2125 1344; x_wconf 87' lang='lat' dir='ltr'><strong>gesta</strong></span> <span class='ocrx_word' id='word_1_194' title='bbox 2145 1282 2285 1328; x_wconf 89' lang='lat' dir='ltr'><strong>sunt.</strong></span> <span class='ocrx_word' id='word_1_195' title='bbox 2309 1273 2648 1342; x_wconf 85' lang='lat' dir='ltr'><strong>Cognoscens</strong></span> <span class='ocrx_word' id='word_1_196' title='bbox 2672 1279 2846 1326; x_wconf 87' lang='lat' dir='ltr'><strong>autem</strong></span> <span class='ocrx_word' id='word_1_197' title='bbox 2874 1272 3162 1341; x_wconf 91' lang='lat' dir='ltr'><strong>imperator</strong></span> <span class='ocrx_word' id='word_1_198' title='bbox 3183 1273 3323 1342; x_wconf 89' lang='lat' dir='ltr'><strong>quod</strong></span> <span class='ocrx_word' id='word_1_199' title='bbox 3349 1270 3541 1326; x_wconf 88' lang='lat' dir='ltr'><strong>factum</strong></span> 
     </span>
    </p>
   </div>
   <div class='ocr_carea' id='block_1_28' title="bbox 1982 1364 3552 1439">
    <p class='ocr_par' dir='ltr' id='par_1_28' title="bbox 1982 1364 3552 1439">
     <span class='ocr_line' id='line_1_28' title="bbox 1982 1364 3552 1439; baseline -0.004 -16"><span class='ocrx_word' id='word_1_200' title='bbox 1982 1368 2176 1437; x_wconf 86' lang='lat' dir='ltr'><strong>fuerat,</strong></span> <span class='ocrx_word' id='word_1_201' title='bbox 2211 1368 2442 1439; x_wconf 85' lang='lat' dir='ltr'><strong>graviter</strong></span> <span class='ocrx_word' id='word_1_202' title='bbox 2488 1368 2729 1422; x_wconf 88' lang='lat' dir='ltr'><strong>invectus</strong></span> <span class='ocrx_word' id='word_1_203' title='bbox 2769 1377 2852 1420; x_wconf 86' lang='lat' dir='ltr'><strong>est</strong></span> <span class='ocrx_word' id='word_1_204' title='bbox 2891 1365 2946 1418; x_wconf 89' lang='lat' dir='ltr'><strong>in</strong></span> <span class='ocrx_word' id='word_1_205' title='bbox 2975 1365 3301 1434; x_wconf 83' lang='lat' dir='ltr'><strong>Augustam;</strong></span> <span class='ocrx_word' id='word_1_206' title='bbox 3333 1371 3386 1418; x_wconf 86' lang='lat' dir='ltr'><strong>et</strong></span> <span class='ocrx_word' id='word_1_207' title='bbox 3416 1364 3552 1418; x_wconf 88' lang='lat' dir='ltr'><strong>indi-</strong></span> 
     </span>
    </p>
   </div>
   <div class='ocr_carea' id='block_1_29' title="bbox 1987 1457 3552 1532">
    <p class='ocr_par' dir='ltr' id='par_1_29' title="bbox 1987 1457 3552 1532">
     <span class='ocr_line' id='line_1_29' title="bbox 1987 1457 3552 1532; baseline -0.005 -16"><span class='ocrx_word' id='word_1_208' title='bbox 1987 1470 2178 1532; x_wconf 89' lang='lat' dir='ltr'><strong>gnatus</strong></span> <span class='ocrx_word' id='word_1_209' title='bbox 2219 1461 2479 1515; x_wconf 89' lang='lat' dir='ltr'><strong>adversus</strong></span> <span class='ocrx_word' id='word_1_210' title='bbox 2521 1463 2815 1528; x_wconf 82' lang='lat' dir='ltr'><strong>Augustam</strong></span> <span class='ocrx_word' id='word_1_211' title='bbox 2841 1498 2856 1522; x_wconf 95' lang='lat'><strong>,</strong></span> <span class='ocrx_word' id='word_1_212' title='bbox 2888 1457 3058 1511; x_wconf 82' lang='lat' dir='ltr'><strong>dixit:</strong></span> <span class='ocrx_word' id='word_1_213' title='bbox 3087 1457 3243 1524; x_wconf 87' lang='lat' dir='ltr'><strong>Vere,</strong></span> <span class='ocrx_word' id='word_1_214' title='bbox 3295 1458 3552 1526; x_wconf 87' lang='lat' dir='ltr'><strong>Augusta,</strong></span> 
     </span>
    </p>
   </div>
   <div class='ocr_carea' id='block_1_30' title="bbox 1984 1549 3555 1610">
    <p class='ocr_par' dir='ltr' id='par_1_30' title="bbox 1984 1549 3555 1610">
     <span class='ocr_line' id='line_1_30' title="bbox 1984 1549 3555 1610; baseline -0.004 0"><span class='ocrx_word' id='word_1_215' title='bbox 1984 1565 2292 1610; x_wconf 83' lang='lat' dir='ltr'><strong>extraneam</strong></span> <span class='ocrx_word' id='word_1_216' title='bbox 2349 1567 2460 1606; x_wconf 89' lang='lat' dir='ltr'><strong>rem</strong></span> <span class='ocrx_word' id='word_1_217' title='bbox 2501 1551 2568 1605; x_wconf 89' lang='lat' dir='ltr'><strong>ab</strong></span> <span class='ocrx_word' id='word_1_218' title='bbox 2616 1551 2714 1604; x_wconf 90' lang='lat' dir='ltr'><strong>hac</strong></span> <span class='ocrx_word' id='word_1_219' title='bbox 2760 1549 3163 1604; x_wconf 79' lang='lat' dir='ltr'><strong>conversatione</strong></span> <span class='ocrx_word' id='word_1_220' title='bbox 3193 1549 3381 1604; x_wconf 90' lang='lat' dir='ltr'><strong>fecisti.</strong></span> <span class='ocrx_word' id='word_1_221' title='bbox 3433 1549 3555 1604; x_wconf 72' lang='lat' dir='ltr'><strong>llree</strong></span> 
     </span>
    </p>
   </div>
   <div class='ocr_carea' id='block_1_31' title="bbox 1985 1639 3555 1712">
    <p class='ocr_par' dir='ltr' id='par_1_31' title="bbox 1985 1639 3555 1712">
     <span class='ocr_line' id='line_1_31' title="bbox 1985 1639 3555 1712; baseline -0.004 -13"><span class='ocrx_word' id='word_1_222' title='bbox 1985 1652 2111 1699; x_wconf 89' lang='lat' dir='ltr'><strong>sunt</strong></span> <span class='ocrx_word' id='word_1_223' title='bbox 2148 1658 2309 1712; x_wconf 83' lang='lat' dir='ltr'><strong>Opera</strong></span> <span class='ocrx_word' id='word_1_224' title='bbox 2339 1642 2653 1697; x_wconf 84' lang='lat' dir='ltr'><strong>Christianae</strong></span> <span class='ocrx_word' id='word_1_225' title='bbox 2683 1640 2965 1712; x_wconf 68' lang='lat' dir='ltr'><strong>Augustae?</strong></span> <span class='ocrx_word' id='word_1_226' title='bbox 2993 1639 3082 1694; x_wconf 88' lang='lat' dir='ltr'><strong>Sic</strong></span> <span class='ocrx_word' id='word_1_227' title='bbox 3120 1640 3404 1708; x_wconf 85' lang='lat' dir='ltr'><strong>promisisti</strong></span> <span class='ocrx_word' id='word_1_228' title='bbox 3444 1639 3555 1693; x_wconf 76' lang='lat' dir='ltr'><strong>Deo</strong></span> 
     </span>
    </p>
   </div>
   <div class='ocr_carea' id='block_1_32' title="bbox 1986 1731 3554 1805">
    <p class='ocr_par' dir='ltr' id='par_1_32' title="bbox 1986 1731 3554 1805">
     <span class='ocr_line' id='line_1_32' title="bbox 1986 1731 3554 1805; baseline -0.002 -18"><span class='ocrx_word' id='word_1_229' title='bbox 1986 1734 2072 1805; x_wconf 90' lang='lat' dir='ltr'><strong>pie</strong></span> <span class='ocrx_word' id='word_1_230' title='bbox 2099 1733 2356 1804; x_wconf 84' lang='lat' dir='ltr'><strong>regnare?</strong></span> <span class='ocrx_word' id='word_1_231' title='bbox 2380 1734 2458 1787; x_wconf 91' lang='lat' dir='ltr'><strong>sic</strong></span> <span class='ocrx_word' id='word_1_232' title='bbox 2484 1732 2783 1787; x_wconf 89' lang='lat' dir='ltr'><strong>recordaris</strong></span> <span class='ocrx_word' id='word_1_233' title='bbox 2809 1732 3086 1803; x_wconf 83' lang='lat' dir='ltr'><strong>Antigoni,</strong></span> <span class='ocrx_word' id='word_1_234' title='bbox 3118 1733 3208 1802; x_wconf 92' lang='lat' dir='ltr'><strong>qui</strong></span> <span class='ocrx_word' id='word_1_235' title='bbox 3234 1731 3387 1787; x_wconf 91' lang='lat' dir='ltr'><strong>nobis</strong></span> <span class='ocrx_word' id='word_1_236' title='bbox 3413 1745 3554 1786; x_wconf 88' lang='lat' dir='ltr'><strong>sem-</strong></span> 
     </span>
    </p>
   </div>
   <div class='ocr_carea' id='block_1_33' title="bbox 324 1820 3550 1922">
    <p class='ocr_par' dir='ltr' id='par_1_33' title="bbox 324 1820 3550 1922">
     <span class='ocr_line' id='line_1_33' title="bbox 324 1820 3550 1922; baseline -0.008 -21"><span class='ocrx_word' id='word_1_237' title='bbox 324 1820 541 1922; x_wconf 51' lang='lat' dir='ltr'><strong>eipium,</strong></span> <span class='ocrx_word' id='word_1_238' title='bbox 570 1850 694 1919; x_wconf 82' lang='lat' dir='ltr'><strong>jube</strong></span> <span class='ocrx_word' id='word_1_239' title='bbox 719 1820 805 1902; x_wconf 71' lang='lat' dir='ltr'><strong>ine</strong></span> <span class='ocrx_word' id='word_1_240' title='bbox 831 1854 888 1900; x_wconf 90' lang='lat' dir='ltr'><strong>ut</strong></span> <span class='ocrx_word' id='word_1_241' title='bbox 918 1820 1116 1911; x_wconf 84' lang='lat' dir='ltr'><strong>loquar.</strong></span> <span class='ocrx_word' id='word_1_242' title='bbox 1143 1841 1236 1896; x_wconf 88' lang='lat' dir='ltr'><strong>Cui</strong></span> <span class='ocrx_word' id='word_1_243' title='bbox 1261 1839 1387 1894; x_wconf 85' lang='lat' dir='ltr'><strong>dixit</strong></span> <span class='ocrx_word' id='word_1_244' title='bbox 1414 1836 1743 1904; x_wconf 87' lang='lat' dir='ltr'><strong>Antigonus:</strong></span> <span class='ocrx_word' id='word_1_245' title='bbox 1771 1832 1881 1897; x_wconf 91' lang='lat' dir='ltr'><strong>Dic,</strong></span> <span class='ocrx_word' id='word_1_246' title='bbox 1917 1825 1964 1884; x_wconf 90' lang='lat' dir='ltr'><strong>B</strong></span> <span class='ocrx_word' id='word_1_247' title='bbox 1990 1841 2084 1896; x_wconf 88' lang='lat' dir='ltr'><strong>per</strong></span> <span class='ocrx_word' id='word_1_248' title='bbox 2111 1824 2256 1879; x_wconf 90' lang='lat' dir='ltr'><strong>utilis</strong></span> <span class='ocrx_word' id='word_1_249' title='bbox 2305 1822 2633 1892; x_wconf 76' lang='lat' dir='ltr'><strong>permansit?</strong></span> <span class='ocrx_word' id='word_1_250' title='bbox 2660 1823 2903 1879; x_wconf 86' lang='lat' dir='ltr'><strong>Alienam</strong></span> <span class='ocrx_word' id='word_1_251' title='bbox 2951 1837 3062 1878; x_wconf 90' lang='lat' dir='ltr'><strong>rem</strong></span> <span class='ocrx_word' id='word_1_252' title='bbox 3105 1830 3292 1876; x_wconf 90' lang='lat' dir='ltr'><strong>nostro</strong></span> <span class='ocrx_word' id='word_1_253' title='bbox 3330 1820 3550 1888; x_wconf 87' lang='lat' dir='ltr'><strong>imperio</strong></span> 
     </span>
    </p>
   </div>
   <div class='ocr_carea' id='block_1_34' title="bbox 327 1926 1887 2009">
    <p class='ocr_par' dir='ltr' id='par_1_34' title="bbox 327 1926 1887 2009">
     <span class='ocr_line' id='line_1_34' title="bbox 327 1926 1887 2009; baseline -0.013 -10"><span class='ocrx_word' id='word_1_254' title='bbox 327 1959 478 1998; x_wconf 89' lang='lat' dir='ltr'><strong>soror</strong></span> <span class='ocrx_word' id='word_1_255' title='bbox 498 1957 633 2007; x_wconf 89' lang='lat' dir='ltr'><strong>mea,</strong></span> <span class='ocrx_word' id='word_1_256' title='bbox 657 1939 795 2009; x_wconf 81' lang='lat' dir='ltr'><strong>quod</strong></span> <span class='ocrx_word' id='word_1_257' title='bbox 820 1938 918 1991; x_wconf 89' lang='lat' dir='ltr'><strong>vis.</strong></span> <span class='ocrx_word' id='word_1_258' title='bbox 946 1932 1229 2002; x_wconf 80' lang='lat' dir='ltr'><strong>Respondit</strong></span> <span class='ocrx_word' id='word_1_259' title='bbox 1251 1928 1424 1984; x_wconf 84' lang='lat' dir='ltr'><strong>:Nosti</strong></span> <span class='ocrx_word' id='word_1_260' title='bbox 1442 1971 1455 1993; x_wconf 93' lang='lat'><strong>,</strong></span> <span class='ocrx_word' id='word_1_261' title='bbox 1481 1926 1694 1980; x_wconf 85' lang='lat' dir='ltr'><strong>domine</strong></span> <span class='ocrx_word' id='word_1_262' title='bbox 1716 1937 1887 1990; x_wconf 82' lang='lat' dir='ltr'><strong>meus,</strong></span> 
     </span>
    </p>
   </div>
   <div class='ocr_carea' id='block_1_35' title="bbox 329 2020 1894 2102">
    <p class='ocr_par' dir='ltr' id='par_1_35' title="bbox 329 2020 1894 2102">
     <span class='ocr_line' id='line_1_35' title="bbox 329 2020 1894 2102; baseline -0.012 -15"><span class='ocrx_word' id='word_1_263' title='bbox 329 2033 450 2102; x_wconf 85' lang='lat' dir='ltr'><strong>quia</strong></span> <span class='ocrx_word' id='word_1_264' title='bbox 479 2042 601 2086; x_wconf 87' lang='lat' dir='ltr'><strong>ante</strong></span> <span class='ocrx_word' id='word_1_265' title='bbox 631 2031 821 2084; x_wconf 87' lang='lat' dir='ltr'><strong>multas</strong></span> <span class='ocrx_word' id='word_1_266' title='bbox 850 2025 1219 2097; x_wconf 90' lang='lat' dir='ltr'><strong>generationes</strong></span> <span class='ocrx_word' id='word_1_267' title='bbox 1248 2020 1532 2090; x_wconf 87' lang='lat' dir='ltr'><strong>Apostolus</strong></span> <span class='ocrx_word' id='word_1_268' title='bbox 1563 2025 1807 2080; x_wconf 82' lang='lat' dir='ltr'><strong>testatur,</strong></span> <span class='ocrx_word' id='word_1_269' title='bbox 1840 2021 1894 2069; x_wconf 89' lang='lat' dir='ltr'><strong>et</strong></span> 
     </span>
    </p>
   </div>
   <div class='ocr_carea' id='block_1_36' title="bbox 333 2107 1896 2190">
    <p class='ocr_par' dir='ltr' id='par_1_36' title="bbox 333 2107 1896 2190">
     <span class='ocr_line' id='line_1_36' title="bbox 333 2107 1896 2190; baseline -0.013 -11"><span class='ocrx_word' id='word_1_270' title='bbox 333 2127 463 2180; x_wconf 82' lang='lat' dir='ltr'><strong>dixit</strong></span> <span class='ocrx_word' id='word_1_271' title='bbox 487 2141 499 2178; x_wconf 92' lang='lat'><strong>:</strong></span> <span class='ocrx_word' id='word_1_272' title='bbox 523 2124 757 2190; x_wconf 82' lang='lat' dir='ltr'><strong>Tempus</strong></span> <span class='ocrx_word' id='word_1_273' title='bbox 789 2123 949 2176; x_wconf 86' lang='lat' dir='ltr'><strong>breve</strong></span> <span class='ocrx_word' id='word_1_274' title='bbox 977 2127 1060 2174; x_wconf 90' lang='lat' dir='ltr'><strong>est</strong></span> <span class='ocrx_word' id='word_1_275' title='bbox 1090 2136 1100 2170; x_wconf 96' lang='lat'><strong>:</strong></span> <span class='ocrx_word' id='word_1_276' title='bbox 1127 2117 1390 2181; x_wconf 81' lang='lat' dir='ltr'><strong>reliquum</strong></span> <span class='ocrx_word' id='word_1_277' title='bbox 1421 2121 1497 2164; x_wconf 89' lang='lat' dir='ltr'><strong>est</strong></span> <span class='ocrx_word' id='word_1_278' title='bbox 1527 2150 1542 2175; x_wconf 96' lang='lat'><strong>,</strong></span> <span class='ocrx_word' id='word_1_279' title='bbox 1574 2119 1630 2162; x_wconf 91' lang='lat' dir='ltr'><strong>ut</strong></span> <span class='ocrx_word' id='word_1_280' title='bbox 1676 2108 1766 2176; x_wconf 87' lang='lat' dir='ltr'><strong>qui</strong></span> <span class='ocrx_word' id='word_1_281' title='bbox 1800 2107 1896 2159; x_wconf 81' lang='lat' dir='ltr'><strong>ha—</strong></span> 
     </span>
    </p>
   </div>
   <div class='ocr_carea' id='block_1_37' title="bbox 335 2196 1896 2278">
    <p class='ocr_par' dir='ltr' id='par_1_37' title="bbox 335 2196 1896 2278">
     <span class='ocr_line' id='line_1_37' title="bbox 335 2196 1896 2278; baseline -0.015 -7"><span class='ocrx_word' id='word_1_282' title='bbox 335 2218 459 2271; x_wconf 86' lang='lat' dir='ltr'><strong>bent</strong></span> <span class='ocrx_word' id='word_1_283' title='bbox 486 2229 698 2276; x_wconf 86' lang='lat' dir='ltr'><strong>uxores,</strong></span> <span class='ocrx_word' id='word_1_284' title='bbox 730 2221 973 2278; x_wconf 76' lang='lat' dir='ltr'><strong>tanquam</strong></span> <span class='ocrx_word' id='word_1_285' title='bbox 1006 2223 1108 2261; x_wconf 92' lang='lat' dir='ltr'><strong>non</strong></span> <span class='ocrx_word' id='word_1_286' title='bbox 1133 2206 1389 2260; x_wconf 89' lang='lat' dir='ltr'><strong>habentes</strong></span> <span class='ocrx_word' id='word_1_287' title='bbox 1419 2204 1521 2256; x_wconf 84' lang='lat' dir='ltr'><strong>s&#39;nt</strong></span> <span class='ocrx_word' id='word_1_288' title='bbox 1552 2196 1603 2268; x_wconf 91' lang='grc'><strong>(1</strong></span> <span class='ocrx_word' id='word_1_289' title='bbox 1636 2196 1752 2250; x_wconf 90' lang='lat' dir='ltr'><strong>Cor.</strong></span> <span class='ocrx_word' id='word_1_290' title='bbox 1779 2196 1896 2260; x_wconf 82' lang='lat' dir='ltr'><strong>vn).</strong></span> 
     </span>
    </p>
   </div>
   <div class='ocr_carea' id='block_1_38' title="bbox 337 2285 1895 2373">
    <p class='ocr_par' dir='ltr' id='par_1_38' title="bbox 337 2285 1895 2373">
     <span class='ocr_line' id='line_1_38' title="bbox 337 2285 1895 2373; baseline -0.015 -15"><span class='ocrx_word' id='word_1_291' title='bbox 337 2306 520 2360; x_wconf 82' lang='lat' dir='ltr'><strong>Deficit</strong></span> <span class='ocrx_word' id='word_1_292' title='bbox 547 2307 686 2360; x_wconf 90' lang='lat' dir='ltr'><strong>enim</strong></span> <span class='ocrx_word' id='word_1_293' title='bbox 720 2303 879 2373; x_wconf 86' lang='lat' dir='ltr'><strong>hujus</strong></span> <span class='ocrx_word' id='word_1_294' title='bbox 907 2299 1083 2354; x_wconf 64' lang='lat' dir='ltr'><strong>seaculi</strong></span> <span class='ocrx_word' id='word_1_295' title='bbox 1128 2293 1411 2365; x_wconf 88' lang='lat' dir='ltr'><strong>cupiditas.</strong></span> <span class='ocrx_word' id='word_1_296' title='bbox 1444 2290 1519 2345; x_wconf 90' lang='lat' dir='ltr'><strong>Ad</strong></span> <span class='ocrx_word' id='word_1_297' title='bbox 1564 2302 1716 2357; x_wconf 89' lang='lat' dir='ltr'><strong>quam</strong></span> <span class='ocrx_word' id='word_1_298' title='bbox 1757 2285 1895 2338; x_wconf 90' lang='lat' dir='ltr'><strong>enim</strong></span> 
     </span>
    </p>
   </div>
   <div class='ocr_carea' id='block_1_39' title="bbox 334 2373 1899 2457">
    <p class='ocr_par' dir='ltr' id='par_1_39' title="bbox 334 2373 1899 2457">
     <span class='ocr_line' id='line_1_39' title="bbox 334 2373 1899 2457; baseline -0.014 -7"><span class='ocrx_word' id='word_1_299' title='bbox 334 2395 619 2450; x_wconf 89' lang='lat' dir='ltr'><strong>utilitatem</strong></span> <span class='ocrx_word' id='word_1_300' title='bbox 666 2403 822 2448; x_wconf 90' lang='lat' dir='ltr'><strong>erunt</strong></span> <span class='ocrx_word' id='word_1_301' title='bbox 870 2392 966 2444; x_wconf 77' lang='lat' dir='ltr'><strong>ista</strong></span> <span class='ocrx_word' id='word_1_302' title='bbox 1019 2388 1237 2457; x_wconf 87' lang='lat' dir='ltr'><strong>pecunia</strong></span> <span class='ocrx_word' id='word_1_303' title='bbox 1287 2395 1343 2438; x_wconf 81' lang='lat' dir='ltr'><strong>et.</strong></span> <span class='ocrx_word' id='word_1_304' title='bbox 1389 2390 1528 2436; x_wconf 87' lang='lat' dir='ltr'><strong>tanta</strong></span> <span class='ocrx_word' id='word_1_305' title='bbox 1579 2373 1899 2430; x_wconf 84' lang='lat' dir='ltr'><strong>abundantia</strong></span> 
     </span>
    </p>
   </div>
   <div class='ocr_carea' id='block_1_40' title="bbox 339 2475 1903 2553">
    <p class='ocr_par' dir='ltr' id='par_1_40' title="bbox 339 2475 1903 2553">
     <span class='ocr_line' id='line_1_40' title="bbox 339 2475 1903 2553; baseline -0.011 -18"><span class='ocrx_word' id='word_1_306' title='bbox 339 2485 773 2553; x_wconf 75' lang='lat' dir='ltr'><strong>possessionum?</strong></span> <span class='ocrx_word' id='word_1_307' title='bbox 799 2481 936 2535; x_wconf 84' lang='lat' dir='ltr'><strong>Nihil</strong></span> <span class='ocrx_word' id='word_1_308' title='bbox 965 2495 1148 2534; x_wconf 88' lang='lat' dir='ltr'><strong>eorum</strong></span> <span class='ocrx_word' id='word_1_309' title='bbox 1181 2485 1264 2531; x_wconf 86' lang='lat' dir='ltr'><strong>est</strong></span> <span class='ocrx_word' id='word_1_310' title='bbox 1287 2475 1424 2544; x_wconf 88' lang='lat' dir='ltr'><strong>quod</strong></span> <span class='ocrx_word' id='word_1_311' title='bbox 1452 2475 1723 2528; x_wconf 77' lang='lat' dir='ltr'><strong>nobiscum</strong></span> <span class='ocrx_word' id='word_1_312' title='bbox 1757 2477 1903 2536; x_wconf 86' lang='lat' dir='ltr'><strong>pule-</strong></span> 
     </span>
    </p>
   </div>
   <div class='ocr_carea' id='block_1_41' title="bbox 340 2564 1903 2632">
    <p class='ocr_par' dir='ltr' id='par_1_41' title="bbox 340 2564 1903 2632">
     <span class='ocr_line' id='line_1_41' title="bbox 340 2564 1903 2632; baseline -0.01 -1"><span class='ocrx_word' id='word_1_313' title='bbox 340 2581 406 2631; x_wconf 89' lang='lat' dir='ltr'><strong>rit</strong></span> <span class='ocrx_word' id='word_1_314' title='bbox 437 2575 765 2630; x_wconf 88' lang='lat' dir='ltr'><strong>descendere</strong></span> <span class='ocrx_word' id='word_1_315' title='bbox 793 2573 843 2625; x_wconf 92' lang='lat' dir='ltr'><strong>in</strong></span> <span class='ocrx_word' id='word_1_316' title='bbox 876 2568 1160 2624; x_wconf 87' lang='lat' dir='ltr'><strong>infernum.</strong></span> <span class='ocrx_word' id='word_1_317' title='bbox 1191 2569 1320 2620; x_wconf 87' lang='lat' dir='ltr'><strong>Cum</strong></span> <span class='ocrx_word' id='word_1_318' title='bbox 1351 2567 1489 2618; x_wconf 86' lang='lat' dir='ltr'><strong>bono</strong></span> <span class='ocrx_word' id='word_1_319' title='bbox 1519 2581 1644 2632; x_wconf 87' lang='lat' dir='ltr'><strong>ergo</strong></span> <span class='ocrx_word' id='word_1_320' title='bbox 1681 2564 1903 2617; x_wconf 90' lang='lat' dir='ltr'><strong>consilio</strong></span> 
     </span>
    </p>
   </div>
   <div class='ocr_carea' id='block_1_42' title="bbox 341 2654 1903 2728">
    <p class='ocr_par' dir='ltr' id='par_1_42' title="bbox 341 2654 1903 2728">
     <span class='ocr_line' id='line_1_42' title="bbox 341 2654 1903 2728; baseline -0.01 -7"><span class='ocrx_word' id='word_1_321' title='bbox 341 2681 432 2721; x_wconf 88' lang='lat' dir='ltr'><strong>tuo</strong></span> <span class='ocrx_word' id='word_1_322' title='bbox 461 2666 650 2721; x_wconf 62' lang='lat' dir='ltr'><strong>festina</strong></span> <span class='ocrx_word' id='word_1_323' title='bbox 684 2665 843 2717; x_wconf 87' lang='lat' dir='ltr'><strong>multa</strong></span> <span class='ocrx_word' id='word_1_324' title='bbox 871 2661 999 2714; x_wconf 89' lang='lat' dir='ltr'><strong>dare</strong></span> <span class='ocrx_word' id='word_1_325' title='bbox 1026 2658 1373 2728; x_wconf 85' lang='lat' dir='ltr'><strong>pauperibus,</strong></span> <span class='ocrx_word' id='word_1_326' title='bbox 1398 2666 1454 2710; x_wconf 88' lang='lat' dir='ltr'><strong>ut</strong></span> <span class='ocrx_word' id='word_1_327' title='bbox 1486 2671 1590 2708; x_wconf 91' lang='lat' dir='ltr'><strong>non</strong></span> <span class='ocrx_word' id='word_1_328' title='bbox 1623 2654 1746 2709; x_wconf 86' lang='lat' dir='ltr'><strong>illud</strong></span> <span class='ocrx_word' id='word_1_329' title='bbox 1778 2669 1903 2707; x_wconf 90' lang='lat' dir='ltr'><strong>con-</strong></span> 
     </span>
    </p>
   </div>
   <div class='ocr_carea' id='block_1_43' title="bbox 345 2748 1897 2828">
    <p class='ocr_par' dir='ltr' id='par_1_43' title="bbox 345 2748 1897 2828">
     <span class='ocr_line' id='line_1_43' title="bbox 345 2748 1897 2828; baseline -0.008 -15"><span class='ocrx_word' id='word_1_330' title='bbox 345 2761 516 2815; x_wconf 72' lang='lat' dir='ltr'><strong>silium</strong></span> <span class='ocrx_word' id='word_1_331' title='bbox 545 2757 685 2828; x_wconf 88' lang='lat' dir='ltr'><strong>quod</strong></span> <span class='ocrx_word' id='word_1_332' title='bbox 725 2753 960 2810; x_wconf 72' lang='lat' dir='ltr'><strong>tractasti</strong></span> <span class='ocrx_word' id='word_1_333' title='bbox 1003 2751 1303 2806; x_wconf 84' lang='lat' dir='ltr'><strong>inveniatur</strong></span> <span class='ocrx_word' id='word_1_334' title='bbox 1339 2749 1748 2802; x_wconf 78' lang='lat' dir='ltr'><strong>infructuosum.</strong></span> <span class='ocrx_word' id='word_1_335' title='bbox 1785 2748 1897 2800; x_wconf 87' lang='lat' dir='ltr'><strong>Au-</strong></span> 
     </span>
    </p>
   </div>
   <div class='ocr_carea' id='block_1_44' title="bbox 351 2839 1597 2914">
    <p class='ocr_par' dir='ltr' id='par_1_44' title="bbox 351 2839 1597 2914">
     <span class='ocr_line' id='line_1_44' title="bbox 351 2839 1597 2914; baseline -0.014 -8"><span class='ocrx_word' id='word_1_336' title='bbox 351 2850 497 2906; x_wconf 87' lang='lat' dir='ltr'><strong>diens</strong></span> <span class='ocrx_word' id='word_1_337' title='bbox 523 2859 696 2902; x_wconf 88' lang='lat' dir='ltr'><strong>autem</strong></span> <span class='ocrx_word' id='word_1_338' title='bbox 727 2846 1044 2914; x_wconf 81' lang='lat' dir='ltr'><strong>Antigonus,</strong></span> <span class='ocrx_word' id='word_1_339' title='bbox 1074 2841 1383 2912; x_wconf 81' lang='lat' dir='ltr'><strong>glorificavit</strong></span> <span class='ocrx_word' id='word_1_340' title='bbox 1411 2839 1597 2893; x_wconf 76' lang='lat' dir='ltr'><strong>Deum.</strong></span> 
     </span>
    </p>
   </div>
   <div class='ocr_carea' id='block_1_45' title="bbox 424 2933 1907 3008">
    <p class='ocr_par' dir='ltr' id='par_1_45' title="bbox 424 2933 1907 3008">
     <span class='ocr_line' id='line_1_45' title="bbox 424 2933 1907 3008; baseline -0.009 -10"><span class='ocrx_word' id='word_1_341' title='bbox 424 2942 548 2998; x_wconf 74' lang='lat' dir='ltr'><strong>CAP.</strong></span> <span class='ocrx_word' id='word_1_342' title='bbox 577 2940 868 2996; x_wconf 90' lang='lat' dir='ltr'><strong>llI.—Cum</strong></span> <span class='ocrx_word' id='word_1_343' title='bbox 898 2938 1060 3008; x_wconf 89' lang='lat' dir='ltr'><strong>igitur</strong></span> <span class='ocrx_word' id='word_1_344' title='bbox 1087 2937 1314 3004; x_wconf 87' lang='lat' dir='ltr'><strong>adeptus</strong></span> <span class='ocrx_word' id='word_1_345' title='bbox 1339 2943 1480 2989; x_wconf 86' lang='lat' dir='ltr'><strong>esset</strong></span> <span class='ocrx_word' id='word_1_346' title='bbox 1508 2933 1755 3001; x_wconf 81' lang='lat' dir='ltr'><strong>optimam</strong></span> <span class='ocrx_word' id='word_1_347' title='bbox 1781 2947 1907 2984; x_wconf 83' lang='lat' dir='ltr'><strong>enn—</strong></span> 
     </span>
    </p>
   </div>
   <div class='ocr_carea' id='block_1_46' title="bbox 361 3024 1908 3099">
    <p class='ocr_par' dir='ltr' id='par_1_46' title="bbox 361 3024 1908 3099">
     <span class='ocr_line' id='line_1_46' title="bbox 361 3024 1908 3099; baseline -0.008 -11"><span class='ocrx_word' id='word_1_348' title='bbox 361 3035 725 3096; x_wconf 83' lang='lat' dir='ltr'><strong>versationetn,</strong></span> <span class='ocrx_word' id='word_1_349' title='bbox 757 3042 808 3086; x_wconf 90' lang='lat' dir='ltr'><strong>et</strong></span> <span class='ocrx_word' id='word_1_350' title='bbox 838 3033 1000 3084; x_wconf 90' lang='lat' dir='ltr'><strong>multa</strong></span> <span class='ocrx_word' id='word_1_351' title='bbox 1031 3029 1351 3099; x_wconf 85' lang='lat' dir='ltr'><strong>pauperibus</strong></span> <span class='ocrx_word' id='word_1_352' title='bbox 1385 3036 1656 3095; x_wconf 82' lang='lat' dir='ltr'><strong>erogasset</strong></span> <span class='ocrx_word' id='word_1_353' title='bbox 1689 3024 1908 3091; x_wconf 83' lang='lat' dir='ltr'><strong>Antigo-</strong></span> 
     </span>
    </p>
   </div>
   <div class='ocr_carea' id='block_1_47' title="bbox 356 3119 1911 3192">
    <p class='ocr_par' dir='ltr' id='par_1_47' title="bbox 356 3119 1911 3192">
     <span class='ocr_line' id='line_1_47' title="bbox 356 3119 1911 3192; baseline -0.006 -12"><span class='ocrx_word' id='word_1_354' title='bbox 356 3141 472 3192; x_wconf 86' lang='lat' dir='ltr'><strong>nus,</strong></span> <span class='ocrx_word' id='word_1_355' title='bbox 500 3140 656 3181; x_wconf 92' lang='lat' dir='ltr'><strong>unum</strong></span> <span class='ocrx_word' id='word_1_356' title='bbox 679 3121 1010 3179; x_wconf 86' lang='lat' dir='ltr'><strong>solummodo</strong></span> <span class='ocrx_word' id='word_1_357' title='bbox 1029 3134 1224 3174; x_wconf 90' lang='lat' dir='ltr'><strong>annum</strong></span> <span class='ocrx_word' id='word_1_358' title='bbox 1251 3119 1459 3180; x_wconf 79' lang='lat' dir='ltr'><strong>vivens,</strong></span> <span class='ocrx_word' id='word_1_359' title='bbox 1493 3129 1772 3183; x_wconf 69' lang='lat' dir='ltr'><strong>postquam</strong></span> <span class='ocrx_word' id='word_1_360' title='bbox 1801 3131 1911 3170; x_wconf 73' lang='lat' dir='ltr'><strong>sua:</strong></span> 
     </span>
    </p>
   </div>
   <div class='ocr_carea' id='block_1_48' title="bbox 1993 1913 3558 1987">
    <p class='ocr_par' dir='ltr' id='par_1_48' title="bbox 1993 1913 3558 1987">
     <span class='ocr_line' id='line_1_48' title="bbox 1993 1913 3558 1987; baseline -0.004 -15"><span class='ocrx_word' id='word_1_361' title='bbox 1993 1919 2147 1987; x_wconf 82' lang='lat' dir='ltr'><strong>egisti</strong></span> <span class='ocrx_word' id='word_1_362' title='bbox 2169 1957 2183 1983; x_wconf 96' lang='lat'><strong>,</strong></span> <span class='ocrx_word' id='word_1_363' title='bbox 2214 1915 2356 1987; x_wconf 82' lang='lat' dir='ltr'><strong>quod</strong></span> <span class='ocrx_word' id='word_1_364' title='bbox 2385 1915 2664 1969; x_wconf 88' lang='lat' dir='ltr'><strong>mulierem</strong></span> <span class='ocrx_word' id='word_1_365' title='bbox 2689 1916 2742 1969; x_wconf 91' lang='lat' dir='ltr'><strong>in</strong></span> <span class='ocrx_word' id='word_1_366' title='bbox 2769 1913 2991 1982; x_wconf 90' lang='lat' dir='ltr'><strong>puellari</strong></span> <span class='ocrx_word' id='word_1_367' title='bbox 3019 1921 3173 1968; x_wconf 64' lang='lat' dir='ltr'><strong>aetate</strong></span> <span class='ocrx_word' id='word_1_368' title='bbox 3192 1914 3558 1977; x_wconf 82' lang='lat' dir='ltr'><strong>constitutam,</strong></span> 
     </span>
    </p>
   </div>
   <div class='ocr_carea' id='block_1_49' title="bbox 1995 2006 3561 2080">
    <p class='ocr_par' dir='ltr' id='par_1_49' title="bbox 1995 2006 3561 2080">
     <span class='ocr_line' id='line_1_49' title="bbox 1995 2006 3561 2080; baseline -0.002 -18"><span class='ocrx_word' id='word_1_369' title='bbox 1995 2025 2112 2080; x_wconf 86' lang='lat' dir='ltr'><strong>quae</strong></span> <span class='ocrx_word' id='word_1_370' title='bbox 2141 2023 2275 2079; x_wconf 88' lang='lat' dir='ltr'><strong>pene</strong></span> <span class='ocrx_word' id='word_1_371' title='bbox 2318 2007 2653 2063; x_wconf 88' lang='lat' dir='ltr'><strong>solummodo</strong></span> <span class='ocrx_word' id='word_1_372' title='bbox 2703 2023 2806 2061; x_wconf 93' lang='lat' dir='ltr'><strong>uno</strong></span> <span class='ocrx_word' id='word_1_373' title='bbox 2834 2021 2975 2060; x_wconf 90' lang='lat' dir='ltr'><strong>anno</strong></span> <span class='ocrx_word' id='word_1_374' title='bbox 3021 2021 3140 2059; x_wconf 81' lang='lat' dir='ltr'><strong>rum</strong></span> <span class='ocrx_word' id='word_1_375' title='bbox 3178 2006 3294 2059; x_wconf 87' lang='lat' dir='ltr'><strong>viro</strong></span> <span class='ocrx_word' id='word_1_376' title='bbox 3317 2006 3476 2073; x_wconf 79' lang='lat' dir='ltr'><strong>vixit,</strong></span> <span class='ocrx_word' id='word_1_377' title='bbox 3510 2015 3561 2059; x_wconf 83' lang='lat' dir='ltr'><strong>et</strong></span> 
     </span>
    </p>
   </div>
   <div class='ocr_carea' id='block_1_50' title="bbox 1996 2096 3562 2168">
    <p class='ocr_par' dir='ltr' id='par_1_50' title="bbox 1996 2096 3562 2168">
     <span class='ocr_line' id='line_1_50' title="bbox 1996 2096 3562 2168; baseline -0.004 -11"><span class='ocrx_word' id='word_1_378' title='bbox 1996 2117 2121 2157; x_wconf 86' lang='lat' dir='ltr'><strong>mox</strong></span> <span class='ocrx_word' id='word_1_379' title='bbox 2165 2117 2231 2156; x_wconf 90' lang='lat' dir='ltr'><strong>ex</strong></span> <span class='ocrx_word' id='word_1_380' title='bbox 2280 2100 2569 2155; x_wconf 89' lang='lat' dir='ltr'><strong>constituto</strong></span> <span class='ocrx_word' id='word_1_381' title='bbox 2614 2108 2830 2168; x_wconf 92' lang='lat' dir='ltr'><strong>propter</strong></span> <span class='ocrx_word' id='word_1_382' title='bbox 2873 2099 3090 2153; x_wconf 67' lang='lat' dir='ltr'><strong>caeleste</strong></span> <span class='ocrx_word' id='word_1_383' title='bbox 3137 2113 3356 2168; x_wconf 89' lang='lat' dir='ltr'><strong>regnum</strong></span> <span class='ocrx_word' id='word_1_384' title='bbox 3397 2112 3456 2151; x_wconf 92' lang='lat' dir='ltr'><strong>se</strong></span> <span class='ocrx_word' id='word_1_385' title='bbox 3494 2096 3562 2150; x_wconf 88' lang='lat' dir='ltr'><strong>ab</strong></span> 
     </span>
    </p>
   </div>
   <div class='ocr_carea' id='block_1_51' title="bbox 1999 2187 3564 2262">
    <p class='ocr_par' dir='ltr' id='par_1_51' title="bbox 1999 2187 3564 2262">
     <span class='ocr_line' id='line_1_51' title="bbox 1999 2187 3564 2262; baseline -0.003 -15"><span class='ocrx_word' id='word_1_386' title='bbox 1999 2193 2239 2262; x_wconf 89' lang='lat' dir='ltr'><strong>utrisque</strong></span> <span class='ocrx_word' id='word_1_387' title='bbox 2265 2201 2665 2261; x_wconf 89' lang='lat' dir='ltr'><strong>separaverunt,</strong></span> <span class='ocrx_word' id='word_1_388' title='bbox 2694 2201 2746 2244; x_wconf 92' lang='lat' dir='ltr'><strong>tu</strong></span> <span class='ocrx_word' id='word_1_389' title='bbox 2778 2204 2987 2243; x_wconf 89' lang='lat' dir='ltr'><strong>rursum</strong></span> <span class='ocrx_word' id='word_1_390' title='bbox 3017 2189 3082 2242; x_wconf 89' lang='lat' dir='ltr'><strong>ad</strong></span> <span class='ocrx_word' id='word_1_391' title='bbox 3111 2189 3359 2242; x_wconf 91' lang='lat' dir='ltr'><strong>mundum</strong></span> <span class='ocrx_word' id='word_1_392' title='bbox 3391 2187 3564 2242; x_wconf 88' lang='lat' dir='ltr'><strong>redire</strong></span> 
     </span>
    </p>
   </div>
   <div class='ocr_carea' id='block_1_52' title="bbox 2000 2279 3561 2353">
    <p class='ocr_par' dir='ltr' id='par_1_52' title="bbox 2000 2279 3561 2353">
     <span class='ocr_line' id='line_1_52' title="bbox 2000 2279 3561 2353; baseline -0.004 -14"><span class='ocrx_word' id='word_1_393' title='bbox 2000 2282 2309 2353; x_wconf 87' lang='lat' dir='ltr'><strong>compellis?</strong></span> <span class='ocrx_word' id='word_1_394' title='bbox 2337 2293 2387 2338; x_wconf 91' lang='lat' dir='ltr'><strong>et</strong></span> <span class='ocrx_word' id='word_1_395' title='bbox 2418 2298 2587 2350; x_wconf 90' lang='lat' dir='ltr'><strong>neque</strong></span> <span class='ocrx_word' id='word_1_396' title='bbox 2611 2281 2831 2336; x_wconf 90' lang='lat' dir='ltr'><strong>timuisti</strong></span> <span class='ocrx_word' id='word_1_397' title='bbox 2855 2279 3044 2343; x_wconf 88' lang='lat' dir='ltr'><strong>Deum,</strong></span> <span class='ocrx_word' id='word_1_398' title='bbox 3069 2281 3203 2334; x_wconf 87' lang='lat' dir='ltr'><strong>hanc</strong></span> <span class='ocrx_word' id='word_1_399' title='bbox 3232 2281 3561 2350; x_wconf 80' lang='lat' dir='ltr'><strong>iniquitatem</strong></span> 
     </span>
    </p>
   </div>
   <div class='ocr_carea' id='block_1_53' title="bbox 2003 2371 3563 2440">
    <p class='ocr_par' dir='ltr' id='par_1_53' title="bbox 2003 2371 3563 2440">
     <span class='ocr_line' id='line_1_53' title="bbox 2003 2371 3563 2440; baseline -0.001 -14"><span class='ocrx_word' id='word_1_400' title='bbox 2003 2373 2190 2428; x_wconf 88' lang='lat' dir='ltr'><strong>volens</strong></span> <span class='ocrx_word' id='word_1_401' title='bbox 2218 2372 2425 2428; x_wconf 87' lang='lat' dir='ltr'><strong>facere?</strong></span> <span class='ocrx_word' id='word_1_402' title='bbox 2453 2373 2580 2439; x_wconf 87' lang='lat' dir='ltr'><strong>Quis</strong></span> <span class='ocrx_word' id='word_1_403' title='bbox 2609 2371 2903 2427; x_wconf 83' lang='lat' dir='ltr'><strong>satisfaciet</strong></span> <span class='ocrx_word' id='word_1_404' title='bbox 2949 2371 3248 2425; x_wconf 87' lang='lat' dir='ltr'><strong>hominibus</strong></span> <span class='ocrx_word' id='word_1_405' title='bbox 3267 2413 3281 2435; x_wconf 94' lang='lat'><strong>,</strong></span> <span class='ocrx_word' id='word_1_406' title='bbox 3311 2374 3430 2440; x_wconf 89' lang='lat' dir='ltr'><strong>quia</strong></span> <span class='ocrx_word' id='word_1_407' title='bbox 3460 2387 3563 2425; x_wconf 89' lang='lat' dir='ltr'><strong>non</strong></span> 
     </span>
    </p>
   </div>
   <div class='ocr_carea' id='block_1_54' title="bbox 2005 2460 3562 2532">
    <p class='ocr_par' dir='ltr' id='par_1_54' title="bbox 2005 2460 3562 2532">
     <span class='ocr_line' id='line_1_54' title="bbox 2005 2460 3562 2532; baseline -0.002 -14"><span class='ocrx_word' id='word_1_408' title='bbox 2005 2480 2099 2532; x_wconf 89' lang='lat' dir='ltr'><strong>per</strong></span> <span class='ocrx_word' id='word_1_409' title='bbox 2129 2479 2212 2518; x_wconf 92' lang='lat' dir='ltr'><strong>me</strong></span> <span class='ocrx_word' id='word_1_410' title='bbox 2241 2463 2436 2520; x_wconf 87' lang='lat' dir='ltr'><strong>factum</strong></span> <span class='ocrx_word' id='word_1_411' title='bbox 2467 2471 2548 2516; x_wconf 91' lang='lat' dir='ltr'><strong>est</strong></span> <span class='ocrx_word' id='word_1_412' title='bbox 2593 2463 2727 2516; x_wconf 84' lang='lat' dir='ltr'><strong>hoc?</strong></span> <span class='ocrx_word' id='word_1_413' title='bbox 2754 2461 3088 2516; x_wconf 88' lang='lat' dir='ltr'><strong>ludeccntem</strong></span> <span class='ocrx_word' id='word_1_414' title='bbox 3124 2471 3178 2516; x_wconf 90' lang='lat' dir='ltr'><strong>et</strong></span> <span class='ocrx_word' id='word_1_415' title='bbox 3220 2460 3562 2529; x_wconf 77' lang='lat' dir='ltr'><strong>incongruam</strong></span> 
     </span>
    </p>
   </div>
   <div class='ocr_carea' id='block_1_55' title="bbox 2004 2552 3568 2625">
    <p class='ocr_par' dir='ltr' id='par_1_55' title="bbox 2004 2552 3568 2625">
     <span class='ocr_line' id='line_1_55' title="bbox 2004 2552 3568 2625; baseline -0.003 -17"><span class='ocrx_word' id='word_1_416' title='bbox 2004 2552 2184 2610; x_wconf 89' lang='lat' dir='ltr'><strong>fecisti</strong></span> <span class='ocrx_word' id='word_1_417' title='bbox 2212 2571 2346 2624; x_wconf 89' lang='lat' dir='ltr'><strong>rem,</strong></span> <span class='ocrx_word' id='word_1_418' title='bbox 2374 2555 2513 2625; x_wconf 90' lang='lat' dir='ltr'><strong>quod</strong></span> <span class='ocrx_word' id='word_1_419' title='bbox 2560 2570 2657 2609; x_wconf 92' lang='lat' dir='ltr'><strong>nec</strong></span> <span class='ocrx_word' id='word_1_420' title='bbox 2684 2553 2915 2618; x_wconf 74' lang='lat' dir='ltr'><strong>o;~ortuit</strong></span> <span class='ocrx_word' id='word_1_421' title='bbox 2940 2561 2995 2606; x_wconf 89' lang='lat' dir='ltr'><strong>nt</strong></span> <span class='ocrx_word' id='word_1_422' title='bbox 3024 2567 3198 2606; x_wconf 89' lang='lat' dir='ltr'><strong>meum</strong></span> <span class='ocrx_word' id='word_1_423' title='bbox 3238 2554 3438 2607; x_wconf 87' lang='lat' dir='ltr'><strong>audiret</strong></span> <span class='ocrx_word' id='word_1_424' title='bbox 3472 2555 3568 2606; x_wconf 80' lang='lat' dir='ltr'><strong>iiu-</strong></span> 
     </span>
    </p>
   </div>
   <div class='ocr_carea' id='block_1_56' title="bbox 2007 2645 3569 2719">
    <p class='ocr_par' dir='ltr' id='par_1_56' title="bbox 2007 2645 3569 2719">
     <span class='ocr_line' id='line_1_56' title="bbox 2007 2645 3569 2719; baseline -0.004 -16"><span class='ocrx_word' id='word_1_425' title='bbox 2007 2650 2237 2719; x_wconf 91' lang='lat' dir='ltr'><strong>perium,</strong></span> <span class='ocrx_word' id='word_1_426' title='bbox 2274 2655 2511 2717; x_wconf 83' lang='lat' dir='ltr'><strong>propter’</strong></span> <span class='ocrx_word' id='word_1_427' title='bbox 2533 2647 2952 2702; x_wconf 89' lang='lat' dir='ltr'><strong>sincerissimum</strong></span> <span class='ocrx_word' id='word_1_428' title='bbox 2984 2659 3158 2700; x_wconf 90' lang='lat' dir='ltr'><strong>meum</strong></span> <span class='ocrx_word' id='word_1_429' title='bbox 3198 2645 3421 2698; x_wconf 87' lang='lat' dir='ltr'><strong>amicum</strong></span> <span class='ocrx_word' id='word_1_430' title='bbox 3457 2660 3569 2697; x_wconf 87' lang='lat' dir='ltr'><strong>rna-</strong></span> 
     </span>
    </p>
   </div>
   <div class='ocr_carea' id='block_1_57' title="bbox 2007 2739 2512 2810">
    <p class='ocr_par' dir='ltr' id='par_1_57' title="bbox 2007 2739 2512 2810">
     <span class='ocr_line' id='line_1_57' title="bbox 2007 2739 2512 2810; baseline 0 -17"><span class='ocrx_word' id='word_1_431' title='bbox 2007 2739 2147 2795; x_wconf 86' lang='lat' dir='ltr'><strong>xime</strong></span> <span class='ocrx_word' id='word_1_432' title='bbox 2176 2741 2512 2810; x_wconf 83' lang='lat' dir='ltr'><strong>Antigonum.</strong></span> 
     </span>
    </p>
   </div>
   <div class='ocr_carea' id='block_1_58' title="bbox 2077 2826 3573 2901">
    <p class='ocr_par' dir='ltr' id='par_1_58' title="bbox 2077 2826 3573 2901">
     <span class='ocr_line' id='line_1_58' title="bbox 2077 2826 3573 2901; baseline -0.004 -14"><span class='ocrx_word' id='word_1_433' title='bbox 2077 2832 2206 2887; x_wconf 70' lang='lat' dir='ltr'><strong>Cxp.</strong></span> <span class='ocrx_word' id='word_1_434' title='bbox 2239 2833 2301 2886; x_wconf 86' lang='lat' dir='ltr'><strong>V.</strong></span> <span class='ocrx_word' id='word_1_435' title='bbox 2324 2831 2638 2886; x_wconf 86' lang='lat' dir='ltr'><strong>—Audiens</strong></span> <span class='ocrx_word' id='word_1_436' title='bbox 2665 2830 2776 2884; x_wconf 62' lang='lat' dir='ltr'><strong>haec</strong></span> <span class='ocrx_word' id='word_1_437' title='bbox 2807 2832 3056 2901; x_wconf 83' lang='lat' dir='ltr'><strong>Augusta,</strong></span> <span class='ocrx_word' id='word_1_438' title='bbox 3085 2836 3139 2884; x_wconf 90' lang='lat' dir='ltr'><strong>et</strong></span> <span class='ocrx_word' id='word_1_439' title='bbox 3163 2826 3366 2882; x_wconf 89' lang='lat' dir='ltr'><strong>vultum</strong></span> <span class='ocrx_word' id='word_1_440' title='bbox 3395 2827 3573 2882; x_wconf 66' lang='lat' dir='ltr'><strong>nimiae</strong></span> 
     </span>
    </p>
   </div>
   <div class='ocr_carea' id='block_1_59' title="bbox 2011 2917 3582 2990">
    <p class='ocr_par' dir='ltr' id='par_1_59' title="bbox 2011 2917 3582 2990">
     <span class='ocr_line' id='line_1_59' title="bbox 2011 2917 3582 2990; baseline -0.004 -11"><span class='ocrx_word' id='word_1_441' title='bbox 2011 2923 2335 2979; x_wconf 87' lang='lat' dir='ltr'><strong>confusionis</strong></span> <span class='ocrx_word' id='word_1_442' title='bbox 2360 2933 2589 2988; x_wconf 90' lang='lat' dir='ltr'><strong>mutans,</strong></span> <span class='ocrx_word' id='word_1_443' title='bbox 2621 2921 2758 2976; x_wconf 85' lang='lat' dir='ltr'><strong>sicut</strong></span> <span class='ocrx_word' id='word_1_444' title='bbox 2800 2922 2931 2990; x_wconf 85' lang='lat' dir='ltr'><strong>lapis</strong></span> <span class='ocrx_word' id='word_1_445' title='bbox 2975 2919 3088 2976; x_wconf 85' lang='lat' dir='ltr'><strong>fere</strong></span> <span class='ocrx_word' id='word_1_446' title='bbox 3127 2934 3221 2989; x_wconf 88' lang='lat' dir='ltr'><strong>per</strong></span> <span class='ocrx_word' id='word_1_447' title='bbox 3260 2917 3389 2974; x_wconf 85' lang='lat' dir='ltr'><strong>duas</strong></span> <span class='ocrx_word' id='word_1_448' title='bbox 3419 2921 3582 2974; x_wconf 57' lang='lat' dir='ltr'><strong>horas</strong></span> 
     </span>
    </p>
   </div>
   <div class='ocr_carea' id='block_1_60' title="bbox 2012 3012 3570 3084">
    <p class='ocr_par' dir='ltr' id='par_1_60' title="bbox 2012 3012 3570 3084">
     <span class='ocr_line' id='line_1_60' title="bbox 2012 3012 3570 3084; baseline -0.003 -14"><span class='ocrx_word' id='word_1_449' title='bbox 2012 3016 2128 3071; x_wconf 91' lang='lat' dir='ltr'><strong>sine</strong></span> <span class='ocrx_word' id='word_1_450' title='bbox 2155 3031 2283 3070; x_wconf 90' lang='lat' dir='ltr'><strong>voce</strong></span> <span class='ocrx_word' id='word_1_451' title='bbox 2312 3014 2617 3084; x_wconf 89' lang='lat' dir='ltr'><strong>permansit.</strong></span> <span class='ocrx_word' id='word_1_452' title='bbox 2649 3013 2712 3067; x_wconf 85' lang='lat' dir='ltr'><strong>Et</strong></span> <span class='ocrx_word' id='word_1_453' title='bbox 2737 3015 2868 3066; x_wconf 87' lang='lat' dir='ltr'><strong>facta</strong></span> <span class='ocrx_word' id='word_1_454' title='bbox 2900 3021 2983 3068; x_wconf 87' lang='lat' dir='ltr'><strong>est</strong></span> <span class='ocrx_word' id='word_1_455' title='bbox 3009 3026 3198 3082; x_wconf 87' lang='lat' dir='ltr'><strong>magna</strong></span> <span class='ocrx_word' id='word_1_456' title='bbox 3229 3012 3442 3066; x_wconf 89' lang='lat' dir='ltr'><strong>tristitia</strong></span> <span class='ocrx_word' id='word_1_457' title='bbox 3489 3013 3570 3065; x_wconf 85' lang='lat' dir='ltr'><strong>in-</strong></span> 
     </span>
    </p>
   </div>
   <div class='ocr_carea' id='block_1_61' title="bbox 2017 3104 3570 3179">
    <p class='ocr_par' dir='ltr' id='par_1_61' title="bbox 2017 3104 3570 3179">
     <span class='ocr_line' id='line_1_61' title="bbox 2017 3104 3570 3179; baseline -0.006 -15"><span class='ocrx_word' id='word_1_458' title='bbox 2017 3123 2097 3166; x_wconf 92' lang='lat' dir='ltr'><strong>ter</strong></span> <span class='ocrx_word' id='word_1_459' title='bbox 2124 3111 2493 3179; x_wconf 82' lang='lat' dir='ltr'><strong>imperatorem</strong></span> <span class='ocrx_word' id='word_1_460' title='bbox 2536 3117 2591 3162; x_wconf 91' lang='lat' dir='ltr'><strong>et</strong></span> <span class='ocrx_word' id='word_1_461' title='bbox 2619 3109 2903 3174; x_wconf 82' lang='lat' dir='ltr'><strong>Augustam</strong></span> <span class='ocrx_word' id='word_1_462' title='bbox 2923 3147 2938 3169; x_wconf 95' lang='lat'><strong>,</strong></span> <span class='ocrx_word' id='word_1_463' title='bbox 2971 3114 3186 3174; x_wconf 87' lang='lat' dir='ltr'><strong>propter</strong></span> <span class='ocrx_word' id='word_1_464' title='bbox 3211 3104 3570 3174; x_wconf 86' lang='lat' dir='ltr'><strong>Euphraxiarn</strong></span> 
     </span>
    </p>
   </div>
   <div class='ocr_carea' id='block_1_62' title="bbox 352 3198 3569 3281">
    <p class='ocr_par' dir='ltr' id='par_1_62' title="bbox 352 3198 3569 3281">
     <span class='ocr_line' id='line_1_62' title="bbox 352 3198 3569 3281; baseline -0.007 -9"><span class='ocrx_word' id='word_1_465' title='bbox 352 3218 665 3273; x_wconf 85' lang='lat' dir='ltr'><strong>renuntiavit</strong></span> <span class='ocrx_word' id='word_1_466' title='bbox 697 3217 884 3281; x_wconf 88' lang='lat' dir='ltr'><strong>uxori,</strong></span> <span class='ocrx_word' id='word_1_467' title='bbox 917 3217 1076 3270; x_wconf 90' lang='lat' dir='ltr'><strong>vitam</strong></span> <span class='ocrx_word' id='word_1_468' title='bbox 1113 3229 1258 3267; x_wconf 88' lang='lat' dir='ltr'><strong>suam</strong></span> <span class='ocrx_word' id='word_1_469' title='bbox 1295 3213 1376 3279; x_wconf 89' lang='lat' dir='ltr'><strong>pie</strong></span> <span class='ocrx_word' id='word_1_470' title='bbox 1407 3211 1724 3277; x_wconf 65' lang='lat' dir='ltr'><strong>disponens,</strong></span> <span class='ocrx_word' id='word_1_471' title='bbox 1758 3225 1907 3263; x_wconf 86' lang='lat' dir='ltr'><strong>cmn-</strong></span> <span class='ocrx_word' id='word_1_472' title='bbox 1938 3201 1986 3265; x_wconf 88' lang='lat' dir='ltr'><strong><em>C</em></strong></span> <span class='ocrx_word' id='word_1_473' title='bbox 2019 3204 2263 3273; x_wconf 87' lang='lat' dir='ltr'><strong>Antigoni</strong></span> <span class='ocrx_word' id='word_1_474' title='bbox 2292 3203 2591 3272; x_wconf 83' lang='lat' dir='ltr'><strong>conjugem.</strong></span> <span class='ocrx_word' id='word_1_475' title='bbox 2621 3199 2770 3254; x_wconf 89' lang='lat' dir='ltr'><strong>Tunc</strong></span> <span class='ocrx_word' id='word_1_476' title='bbox 2801 3200 3101 3269; x_wconf 82' lang='lat' dir='ltr'><strong>Euphraxia</strong></span> <span class='ocrx_word' id='word_1_477' title='bbox 3126 3212 3418 3267; x_wconf 88' lang='lat' dir='ltr'><strong>agnoscens</strong></span> <span class='ocrx_word' id='word_1_478' title='bbox 3447 3198 3569 3264; x_wconf 70' lang='lat' dir='ltr'><strong>quia</strong></span> 
     </span>
    </p>
   </div>
   <div class='ocr_carea' id='block_1_63' title="bbox 352 3300 1914 3377">
    <p class='ocr_par' dir='ltr' id='par_1_63' title="bbox 352 3300 1914 3377">
     <span class='ocr_line' id='line_1_63' title="bbox 352 3300 1914 3377; baseline -0.005 -15"><span class='ocrx_word' id='word_1_479' title='bbox 352 3309 492 3377; x_wconf 89' lang='lat' dir='ltr'><strong>pleto</strong></span> <span class='ocrx_word' id='word_1_480' title='bbox 535 3323 674 3363; x_wconf 92' lang='lat' dir='ltr'><strong>anno</strong></span> <span class='ocrx_word' id='word_1_481' title='bbox 701 3309 975 3362; x_wconf 87' lang='lat' dir='ltr'><strong>defunctus</strong></span> <span class='ocrx_word' id='word_1_482' title='bbox 1003 3313 1105 3368; x_wconf 84' lang='lat' dir='ltr'><strong>est,</strong></span> <span class='ocrx_word' id='word_1_483' title='bbox 1138 3314 1190 3358; x_wconf 93' lang='lat' dir='ltr'><strong>et</strong></span> <span class='ocrx_word' id='word_1_484' title='bbox 1222 3302 1460 3372; x_wconf 90' lang='lat' dir='ltr'><strong>sepultus</strong></span> <span class='ocrx_word' id='word_1_485' title='bbox 1503 3301 1553 3353; x_wconf 92' lang='lat' dir='ltr'><strong>in</strong></span> <span class='ocrx_word' id='word_1_486' title='bbox 1588 3316 1731 3368; x_wconf 56' lang='lat' dir='ltr'><strong>pace.</strong></span> <span class='ocrx_word' id='word_1_487' title='bbox 1764 3300 1914 3354; x_wconf 89' lang='lat' dir='ltr'><strong>&#39;l‘uuc</strong></span> 
     </span>
    </p>
   </div>
   <div class='ocr_carea' id='block_1_64' title="bbox 354 3398 1914 3472">
    <p class='ocr_par' dir='ltr' id='par_1_64' title="bbox 354 3398 1914 3472">
     <span class='ocr_line' id='line_1_64' title="bbox 354 3398 1914 3472; baseline -0.006 -16"><span class='ocrx_word' id='word_1_488' title='bbox 354 3403 640 3472; x_wconf 89' lang='lat' dir='ltr'><strong>imperator</strong></span> <span class='ocrx_word' id='word_1_489' title='bbox 663 3403 856 3472; x_wconf 86' lang='lat' dir='ltr'><strong>pariter</strong></span> <span class='ocrx_word' id='word_1_490' title='bbox 876 3409 928 3454; x_wconf 89' lang='lat' dir='ltr'><strong>et</strong></span> <span class='ocrx_word' id='word_1_491' title='bbox 958 3403 1191 3468; x_wconf 82' lang='lat' dir='ltr'><strong>Augusta</strong></span> <span class='ocrx_word' id='word_1_492' title='bbox 1217 3398 1467 3450; x_wconf 82' lang='lat' dir='ltr'><strong>ﬂeverunt</strong></span> <span class='ocrx_word' id='word_1_493' title='bbox 1493 3411 1637 3458; x_wconf 90' lang='lat' dir='ltr'><strong>eum,</strong></span> <span class='ocrx_word' id='word_1_494' title='bbox 1665 3403 1914 3460; x_wconf 80' lang='lat' dir='ltr'><strong>tanquam</strong></span> 
     </span>
    </p>
   </div>
   <div class='ocr_carea' id='block_1_65' title="bbox 352 3487 1916 3565">
    <p class='ocr_par' dir='ltr' id='par_1_65' title="bbox 352 3487 1916 3565">
     <span class='ocr_line' id='line_1_65' title="bbox 352 3487 1916 3565; baseline -0.008 -15"><span class='ocrx_word' id='word_1_495' title='bbox 352 3511 416 3550; x_wconf 88' lang='lat' dir='ltr'><strong>ex</strong></span> <span class='ocrx_word' id='word_1_496' title='bbox 447 3510 631 3551; x_wconf 89' lang='lat' dir='ltr'><strong>eorum</strong></span> <span class='ocrx_word' id='word_1_497' title='bbox 656 3509 848 3565; x_wconf 89' lang='lat' dir='ltr'><strong>genere</strong></span> <span class='ocrx_word' id='word_1_498' title='bbox 873 3491 1308 3555; x_wconf 88' lang='lat' dir='ltr'><strong>descendentem,</strong></span> <span class='ocrx_word' id='word_1_499' title='bbox 1336 3487 1506 3541; x_wconf 87' lang='lat' dir='ltr'><strong>virum</strong></span> <span class='ocrx_word' id='word_1_500' title='bbox 1533 3487 1732 3555; x_wconf 89' lang='lat' dir='ltr'><strong>justum</strong></span> <span class='ocrx_word' id='word_1_501' title='bbox 1758 3494 1810 3540; x_wconf 88' lang='lat' dir='ltr'><strong>et</strong></span> <span class='ocrx_word' id='word_1_502' title='bbox 1832 3498 1916 3537; x_wconf 87' lang='lat' dir='ltr'><strong>re-</strong></span> 
     </span>
    </p>
   </div>
   <div class='ocr_carea' id='block_1_66' title="bbox 351 3579 1914 3659">
    <p class='ocr_par' dir='ltr' id='par_1_66' title="bbox 351 3579 1914 3659">
     <span class='ocr_line' id='line_1_66' title="bbox 351 3579 1914 3659; baseline -0.008 -16"><span class='ocrx_word' id='word_1_503' title='bbox 351 3587 621 3659; x_wconf 83' lang='lat' dir='ltr'><strong>ligiosum.</strong></span> <span class='ocrx_word' id='word_1_504' title='bbox 655 3585 1116 3653; x_wconf 89' lang='lat' dir='ltr'><strong>Compaliebanlur</strong></span> <span class='ocrx_word' id='word_1_505' title='bbox 1142 3581 1281 3636; x_wconf 88' lang='lat' dir='ltr'><strong>enim</strong></span> <span class='ocrx_word' id='word_1_506' title='bbox 1324 3589 1379 3635; x_wconf 91' lang='lat' dir='ltr'><strong>et</strong></span> <span class='ocrx_word' id='word_1_507' title='bbox 1424 3579 1771 3648; x_wconf 69' lang='lat' dir='ltr'><strong>Euphraxize,</strong></span> <span class='ocrx_word' id='word_1_508' title='bbox 1807 3593 1914 3631; x_wconf 90' lang='lat' dir='ltr'><strong>non</strong></span> 
     </span>
    </p>
   </div>
   <div class='ocr_carea' id='block_1_67' title="bbox 352 3668 1914 3746">
    <p class='ocr_par' dir='ltr' id='par_1_67' title="bbox 352 3668 1914 3746">
     <span class='ocr_line' id='line_1_67' title="bbox 352 3668 1914 3746; baseline -0.007 -13"><span class='ocrx_word' id='word_1_509' title='bbox 352 3680 526 3734; x_wconf 91' lang='lat' dir='ltr'><strong>solum</strong></span> <span class='ocrx_word' id='word_1_510' title='bbox 575 3688 821 3746; x_wconf 88' lang='lat' dir='ltr'><strong>tanquam</strong></span> <span class='ocrx_word' id='word_1_511' title='bbox 869 3675 1098 3742; x_wconf 69' lang='lat' dir='ltr'><strong>propriae</strong></span> <span class='ocrx_word' id='word_1_512' title='bbox 1140 3670 1581 3741; x_wconf 66' lang='lat' dir='ltr'><strong>consanguineae,</strong></span> <span class='ocrx_word' id='word_1_513' title='bbox 1635 3668 1729 3722; x_wconf 90' lang='lat' dir='ltr'><strong>sed</strong></span> <span class='ocrx_word' id='word_1_514' title='bbox 1757 3669 1914 3722; x_wconf 79' lang='lat' dir='ltr'><strong>etiam</strong></span> 
     </span>
    </p>
   </div>
   <div class='ocr_carea' id='block_1_68' title="bbox 357 3759 1909 3839">
    <p class='ocr_par' dir='ltr' id='par_1_68' title="bbox 357 3759 1909 3839">
     <span class='ocr_line' id='line_1_68' title="bbox 357 3759 1909 3839; baseline -0.006 -18"><span class='ocrx_word' id='word_1_515' title='bbox 357 3770 478 3839; x_wconf 89' lang='lat' dir='ltr'><strong>quia</strong></span> <span class='ocrx_word' id='word_1_516' title='bbox 507 3778 622 3823; x_wconf 92' lang='lat' dir='ltr'><strong>erat</strong></span> <span class='ocrx_word' id='word_1_517' title='bbox 644 3766 948 3838; x_wconf 86' lang='lat' dir='ltr'><strong>juvencula.</strong></span> <span class='ocrx_word' id='word_1_518' title='bbox 981 3763 1195 3818; x_wconf 89' lang='lat' dir='ltr'><strong>Duobus</strong></span> <span class='ocrx_word' id='word_1_519' title='bbox 1223 3776 1452 3830; x_wconf 85' lang='lat' dir='ltr'><strong>namque</strong></span> <span class='ocrx_word' id='word_1_520' title='bbox 1474 3759 1624 3814; x_wconf 89' lang='lat' dir='ltr'><strong>annis</strong></span> <span class='ocrx_word' id='word_1_521' title='bbox 1654 3767 1710 3814; x_wconf 90' lang='lat' dir='ltr'><strong>et</strong></span> <span class='ocrx_word' id='word_1_522' title='bbox 1743 3761 1909 3812; x_wconf 88' lang='lat' dir='ltr'><strong>tribus</strong></span> 
     </span>
    </p>
   </div>
   <div class='ocr_carea' id='block_1_69' title="bbox 360 3857 1923 3921">
    <p class='ocr_par' dir='ltr' id='par_1_69' title="bbox 360 3857 1923 3921">
     <span class='ocr_line' id='line_1_69' title="bbox 360 3857 1923 3921; baseline -0.008 -5"><span class='ocrx_word' id='word_1_523' title='bbox 360 3861 627 3917; x_wconf 81' lang='lat' dir='ltr'><strong>mensibus</strong></span> <span class='ocrx_word' id='word_1_524' title='bbox 646 3860 777 3914; x_wconf 81' lang='lat' dir='ltr'><strong>vixit</strong></span> <span class='ocrx_word' id='word_1_525' title='bbox 804 3874 923 3914; x_wconf 90' lang='lat' dir='ltr'><strong>cum</strong></span> <span class='ocrx_word' id='word_1_526' title='bbox 957 3857 1071 3910; x_wconf 81' lang='lat' dir='ltr'><strong>viro</strong></span> <span class='ocrx_word' id='word_1_527' title='bbox 1099 3870 1227 3921; x_wconf 87' lang='lat' dir='ltr'><strong>suo;</strong></span> <span class='ocrx_word' id='word_1_528' title='bbox 1258 3868 1377 3908; x_wconf 89' lang='lat' dir='ltr'><strong>nam</strong></span> <span class='ocrx_word' id='word_1_529' title='bbox 1410 3869 1514 3906; x_wconf 92' lang='lat' dir='ltr'><strong>uno</strong></span> <span class='ocrx_word' id='word_1_530' title='bbox 1536 3867 1675 3905; x_wconf 92' lang='lat' dir='ltr'><strong>anno</strong></span> <span class='ocrx_word' id='word_1_531' title='bbox 1703 3865 1767 3905; x_wconf 81' lang='lat' dir='ltr'><strong>ex</strong></span> <span class='ocrx_word' id='word_1_532' title='bbox 1796 3866 1923 3904; x_wconf 88' lang='lat' dir='ltr'><strong>con-</strong></span> 
     </span>
    </p>
   </div>
   <div class='ocr_carea' id='block_1_70' title="bbox 359 3941 1920 4009">
    <p class='ocr_par' dir='ltr' id='par_1_70' title="bbox 359 3941 1920 4009">
     <span class='ocr_line' id='line_1_70' title="bbox 359 3941 1920 4009; baseline -0.005 -5"><span class='ocrx_word' id='word_1_533' title='bbox 359 3951 542 4006; x_wconf 88' lang='lat' dir='ltr'><strong>stituto</strong></span> <span class='ocrx_word' id='word_1_534' title='bbox 585 3951 652 4004; x_wconf 91' lang='lat' dir='ltr'><strong>ab</strong></span> <span class='ocrx_word' id='word_1_535' title='bbox 699 3950 952 4004; x_wconf 91' lang='lat' dir='ltr'><strong>alterutro</strong></span> <span class='ocrx_word' id='word_1_536' title='bbox 999 3946 1344 4009; x_wconf 85' lang='lat' dir='ltr'><strong>abstinentes,</strong></span> <span class='ocrx_word' id='word_1_537' title='bbox 1377 3943 1516 3998; x_wconf 90' lang='lat' dir='ltr'><strong>sicut</strong></span> <span class='ocrx_word' id='word_1_538' title='bbox 1553 3941 1745 3996; x_wconf 87' lang='lat' dir='ltr'><strong>fratres</strong></span> <span class='ocrx_word' id='word_1_539' title='bbox 1776 3943 1920 3996; x_wconf 87' lang='lat' dir='ltr'><strong>vixe-</strong></span> 
     </span>
    </p>
   </div>
   <div class='ocr_carea' id='block_1_71' title="bbox 362 4034 1923 4112">
    <p class='ocr_par' dir='ltr' id='par_1_71' title="bbox 362 4034 1923 4112">
     <span class='ocr_line' id='line_1_71' title="bbox 362 4034 1923 4112; baseline -0.011 -14"><span class='ocrx_word' id='word_1_540' title='bbox 362 4052 502 4098; x_wconf 89' lang='lat' dir='ltr'><strong>runt.</strong></span> <span class='ocrx_word' id='word_1_541' title='bbox 535 4041 696 4112; x_wconf 89' lang='lat' dir='ltr'><strong>Igitur</strong></span> <span class='ocrx_word' id='word_1_542' title='bbox 721 4040 930 4108; x_wconf 92' lang='lat' dir='ltr'><strong>sepulto</strong></span> <span class='ocrx_word' id='word_1_543' title='bbox 959 4038 1244 4106; x_wconf 86' lang='lat' dir='ltr'><strong>Antigono,</strong></span> <span class='ocrx_word' id='word_1_544' title='bbox 1275 4035 1342 4088; x_wconf 91' lang='lat' dir='ltr'><strong>ab</strong></span> <span class='ocrx_word' id='word_1_545' title='bbox 1372 4035 1690 4100; x_wconf 88' lang='lat' dir='ltr'><strong>imperatore</strong></span> <span class='ocrx_word' id='word_1_546' title='bbox 1718 4043 1773 4087; x_wconf 89' lang='lat' dir='ltr'><strong>et</strong></span> <span class='ocrx_word' id='word_1_547' title='bbox 1811 4034 1923 4087; x_wconf 83' lang='lat' dir='ltr'><strong>Au-</strong></span> 
     </span>
    </p>
   </div>
   <div class='ocr_carea' id='block_1_72' title="bbox 361 4124 1924 4208">
    <p class='ocr_par' dir='ltr' id='par_1_72' title="bbox 361 4124 1924 4208">
     <span class='ocr_line' id='line_1_72' title="bbox 361 4124 1924 4208; baseline -0.006 -21"><span class='ocrx_word' id='word_1_548' title='bbox 361 4145 510 4208; x_wconf 84' lang='lat' dir='ltr'><strong>gusta</strong></span> <span class='ocrx_word' id='word_1_549' title='bbox 561 4134 780 4189; x_wconf 91' lang='lat' dir='ltr'><strong>multum</strong></span> <span class='ocrx_word' id='word_1_550' title='bbox 823 4131 1196 4186; x_wconf 89' lang='lat' dir='ltr'><strong>consolabatur</strong></span> <span class='ocrx_word' id='word_1_551' title='bbox 1247 4128 1404 4199; x_wconf 75' lang='lat'><strong>352</strong></span> <span class='ocrx_word' id='word_1_552' title='bbox 1453 4127 1778 4193; x_wconf 79' lang='lat' dir='ltr'><strong>Euphraxia.</strong></span> <span class='ocrx_word' id='word_1_553' title='bbox 1833 4124 1924 4179; x_wconf 92' lang='lat' dir='ltr'><strong>Illa</strong></span> 
     </span>
    </p>
   </div>
   <div class='ocr_carea' id='block_1_73' title="bbox 362 4215 1927 4293">
    <p class='ocr_par' dir='ltr' id='par_1_73' title="bbox 362 4215 1927 4293">
     <span class='ocr_line' id='line_1_73' title="bbox 362 4215 1927 4293; baseline -0.008 -13"><span class='ocrx_word' id='word_1_554' title='bbox 362 4241 491 4282; x_wconf 81' lang='lat' dir='ltr'><strong>vero</strong></span> <span class='ocrx_word' id='word_1_555' title='bbox 527 4240 742 4280; x_wconf 88' lang='lat' dir='ltr'><strong>sumens</strong></span> <span class='ocrx_word' id='word_1_556' title='bbox 788 4224 1053 4293; x_wconf 85' lang='lat' dir='ltr'><strong>propriam</strong></span> <span class='ocrx_word' id='word_1_557' title='bbox 1103 4236 1250 4276; x_wconf 89' lang='lat' dir='ltr'><strong>suam</strong></span> <span class='ocrx_word' id='word_1_558' title='bbox 1301 4221 1487 4281; x_wconf 88' lang='lat' dir='ltr'><strong>filiam,</strong></span> <span class='ocrx_word' id='word_1_559' title='bbox 1535 4216 1678 4272; x_wconf 82' lang='lat' dir='ltr'><strong>dedit</strong></span> <span class='ocrx_word' id='word_1_560' title='bbox 1725 4230 1841 4270; x_wconf 90' lang='lat' dir='ltr'><strong>eam</strong></span> <span class='ocrx_word' id='word_1_561' title='bbox 1873 4215 1927 4268; x_wconf 91' lang='lat' dir='ltr'><strong>in</strong></span> 
     </span>
    </p>
   </div>
   <div class='ocr_carea' id='block_1_74' title="bbox 364 4308 1931 4388">
    <p class='ocr_par' dir='ltr' id='par_1_74' title="bbox 364 4308 1931 4388">
     <span class='ocr_line' id='line_1_74' title="bbox 364 4308 1931 4388; baseline -0.01 -14"><span class='ocrx_word' id='word_1_562' title='bbox 364 4335 552 4374; x_wconf 88' lang='lat' dir='ltr'><strong>manus</strong></span> <span class='ocrx_word' id='word_1_563' title='bbox 579 4319 908 4388; x_wconf 90' lang='lat' dir='ltr'><strong>imperatoris</strong></span> <span class='ocrx_word' id='word_1_564' title='bbox 938 4324 991 4370; x_wconf 93' lang='lat' dir='ltr'><strong>et</strong></span> <span class='ocrx_word' id='word_1_565' title='bbox 1017 4315 1300 4381; x_wconf 65' lang='lat' dir='ltr'><strong>Augustae;</strong></span> <span class='ocrx_word' id='word_1_566' title='bbox 1332 4319 1386 4364; x_wconf 91' lang='lat' dir='ltr'><strong>et</strong></span> <span class='ocrx_word' id='word_1_567' title='bbox 1428 4317 1689 4378; x_wconf 87' lang='lat' dir='ltr'><strong>prostrata</strong></span> <span class='ocrx_word' id='word_1_568' title='bbox 1740 4308 1802 4361; x_wconf 89' lang='lat' dir='ltr'><strong>ad</strong></span> <span class='ocrx_word' id='word_1_569' title='bbox 1837 4322 1931 4375; x_wconf 82' lang='lat' dir='ltr'><strong>pe-</strong></span> 
     </span>
    </p>
   </div>
   <div class='ocr_carea' id='block_1_75' title="bbox 366 4396 1934 4472">
    <p class='ocr_par' dir='ltr' id='par_1_75' title="bbox 366 4396 1934 4472">
     <span class='ocr_line' id='line_1_75' title="bbox 366 4396 1934 4472; baseline -0.009 -8"><span class='ocrx_word' id='word_1_570' title='bbox 366 4411 461 4464; x_wconf 86' lang='lat' dir='ltr'><strong>des</strong></span> <span class='ocrx_word' id='word_1_571' title='bbox 487 4423 693 4472; x_wconf 91' lang='lat' dir='ltr'><strong>eorum,</strong></span> <span class='ocrx_word' id='word_1_572' title='bbox 724 4421 841 4462; x_wconf 91' lang='lat' dir='ltr'><strong>cum</strong></span> <span class='ocrx_word' id='word_1_573' title='bbox 880 4406 1110 4460; x_wconf 87' lang='lat' dir='ltr'><strong>clamore</strong></span> <span class='ocrx_word' id='word_1_574' title='bbox 1134 4412 1188 4458; x_wconf 92' lang='lat' dir='ltr'><strong>et</strong></span> <span class='ocrx_word' id='word_1_575' title='bbox 1217 4415 1408 4470; x_wconf 87' lang='lat' dir='ltr'><strong>magno</strong></span> <span class='ocrx_word' id='word_1_576' title='bbox 1437 4399 1635 4466; x_wconf 85' lang='lat' dir='ltr'><strong>gemitu</strong></span> <span class='ocrx_word' id='word_1_577' title='bbox 1675 4397 1807 4452; x_wconf 84' lang='lat' dir='ltr'><strong>dixit</strong></span> <span class='ocrx_word' id='word_1_578' title='bbox 1834 4415 1847 4450; x_wconf 88' lang='lat'>:</span> <span class='ocrx_word' id='word_1_579' title='bbox 1879 4396 1934 4450; x_wconf 91' lang='lat' dir='ltr'><strong>In</strong></span> 
     </span>
    </p>
   </div>
   <div class='ocr_carea' id='block_1_76' title="bbox 368 4490 1938 4558">
    <p class='ocr_par' dir='ltr' id='par_1_76' title="bbox 368 4490 1938 4558">
     <span class='ocr_line' id='line_1_76' title="bbox 368 4490 1938 4558; baseline -0.012 -3"><span class='ocrx_word' id='word_1_580' title='bbox 368 4513 554 4555; x_wconf 88' lang='lat' dir='ltr'><strong>manus</strong></span> <span class='ocrx_word' id='word_1_581' title='bbox 598 4498 687 4551; x_wconf 86' lang='lat' dir='ltr'><strong>Dei</strong></span> <span class='ocrx_word' id='word_1_582' title='bbox 735 4505 788 4550; x_wconf 90' lang='lat' dir='ltr'><strong>et</strong></span> <span class='ocrx_word' id='word_1_583' title='bbox 834 4505 1040 4549; x_wconf 88' lang='lat' dir='ltr'><strong>vestras</strong></span> <span class='ocrx_word' id='word_1_584' title='bbox 1090 4492 1223 4546; x_wconf 88' lang='lat' dir='ltr'><strong>hanc</strong></span> <span class='ocrx_word' id='word_1_585' title='bbox 1270 4490 1561 4558; x_wconf 88' lang='lat' dir='ltr'><strong>orphauam</strong></span> <span class='ocrx_word' id='word_1_586' title='bbox 1614 4502 1750 4540; x_wconf 91' lang='lat' dir='ltr'><strong>nunc</strong></span> <span class='ocrx_word' id='word_1_587' title='bbox 1789 4500 1938 4538; x_wconf 83' lang='lat' dir='ltr'><strong>com-</strong></span> 
     </span>
    </p>
   </div>
   <div class='ocr_carea' id='block_1_77' title="bbox 2020 3291 3579 3370">
    <p class='ocr_par' dir='ltr' id='par_1_77' title="bbox 2020 3291 3579 3370">
     <span class='ocr_line' id='line_1_77' title="bbox 2020 3291 3579 3370; baseline -0.006 -17"><span class='ocrx_word' id='word_1_588' title='bbox 2020 3314 2206 3370; x_wconf 85' lang='lat' dir='ltr'><strong>magna</strong></span> <span class='ocrx_word' id='word_1_589' title='bbox 2259 3296 2468 3352; x_wconf 89' lang='lat' dir='ltr'><strong>tristitia</strong></span> <span class='ocrx_word' id='word_1_590' title='bbox 2513 3302 2727 3364; x_wconf 88' lang='lat' dir='ltr'><strong>propter</strong></span> <span class='ocrx_word' id='word_1_591' title='bbox 2765 3308 2881 3348; x_wconf 87' lang='lat' dir='ltr'><strong>eam</strong></span> <span class='ocrx_word' id='word_1_592' title='bbox 2927 3294 3064 3347; x_wconf 89' lang='lat' dir='ltr'><strong>inter</strong></span> <span class='ocrx_word' id='word_1_593' title='bbox 3106 3291 3482 3360; x_wconf 90' lang='lat' dir='ltr'><strong>imperatorem</strong></span> <span class='ocrx_word' id='word_1_594' title='bbox 3525 3299 3579 3344; x_wconf 91' lang='lat' dir='ltr'><strong>et</strong></span> 
     </span>
    </p>
   </div>
   <div class='ocr_carea' id='block_1_78' title="bbox 2021 3383 3578 3462">
    <p class='ocr_par' dir='ltr' id='par_1_78' title="bbox 2021 3383 3578 3462">
     <span class='ocr_line' id='line_1_78' title="bbox 2021 3383 3578 3462; baseline -0.008 -15"><span class='ocrx_word' id='word_1_595' title='bbox 2021 3393 2311 3462; x_wconf 85' lang='lat' dir='ltr'><strong>Augustam</strong></span> <span class='ocrx_word' id='word_1_596' title='bbox 2357 3390 2541 3444; x_wconf 73' lang='lat' dir='ltr'><strong>fuisset</strong></span> <span class='ocrx_word' id='word_1_597' title='bbox 2587 3387 2810 3453; x_wconf 77' lang='lat' dir='ltr'><strong>effecta,</strong></span> <span class='ocrx_word' id='word_1_598' title='bbox 2855 3387 3003 3440; x_wconf 90' lang='lat' dir='ltr'><strong>vultu</strong></span> <span class='ocrx_word' id='word_1_599' title='bbox 3046 3385 3263 3440; x_wconf 90' lang='lat' dir='ltr'><strong>omnino</strong></span> <span class='ocrx_word' id='word_1_600' title='bbox 3312 3383 3578 3443; x_wconf 87' lang='lat' dir='ltr'><strong>demisso.</strong></span> 
     </span>
    </p>
   </div>
   <div class='ocr_carea' id='block_1_79' title="bbox 2035 3475 3582 3550">
    <p class='ocr_par' dir='ltr' id='par_1_79' title="bbox 2035 3475 3582 3550">
     <span class='ocr_line' id='line_1_79' title="bbox 2035 3475 3582 3550; baseline -0.01 -11"><span class='ocrx_word' id='word_1_601' title='bbox 2035 3483 2206 3539; x_wconf 88' lang='lat' dir='ltr'><strong>tristis</strong></span> <span class='ocrx_word' id='word_1_602' title='bbox 2235 3481 2368 3537; x_wconf 81' lang='lat' dir='ltr'><strong>facta</strong></span> <span class='ocrx_word' id='word_1_603' title='bbox 2397 3489 2480 3536; x_wconf 90' lang='lat' dir='ltr'><strong>est</strong></span> <span class='ocrx_word' id='word_1_604' title='bbox 2506 3495 2672 3550; x_wconf 89' lang='lat' dir='ltr'><strong>usque</strong></span> <span class='ocrx_word' id='word_1_605' title='bbox 2702 3479 2767 3532; x_wconf 90' lang='lat' dir='ltr'><strong>ad</strong></span> <span class='ocrx_word' id='word_1_606' title='bbox 2796 3489 3046 3546; x_wconf 87' lang='lat' dir='ltr'><strong>mortem,</strong></span> <span class='ocrx_word' id='word_1_607' title='bbox 3079 3489 3133 3533; x_wconf 91' lang='lat' dir='ltr'><strong>et</strong></span> <span class='ocrx_word' id='word_1_608' title='bbox 3162 3479 3228 3531; x_wconf 90' lang='lat' dir='ltr'><strong>de</strong></span> <span class='ocrx_word' id='word_1_609' title='bbox 3253 3475 3463 3549; x_wconf 71' lang='lat' dir='ltr'><strong>civitate</strong></span> <span class='ocrx_word' id='word_1_610' title='bbox 3490 3489 3582 3525; x_wconf 83' lang='lat' dir='ltr'><strong>vo-</strong></span> 
     </span>
    </p>
   </div>
   <div class='ocr_carea' id='block_1_80' title="bbox 2027 3567 3582 3636">
    <p class='ocr_par' dir='ltr' id='par_1_80' title="bbox 2027 3567 3582 3636">
     <span class='ocr_line' id='line_1_80' title="bbox 2027 3567 3582 3636; baseline -0.008 -4"><span class='ocrx_word' id='word_1_611' title='bbox 2027 3578 2168 3633; x_wconf 85' lang='lat' dir='ltr'><strong>lebat</strong></span> <span class='ocrx_word' id='word_1_612' title='bbox 2193 3575 2483 3630; x_wconf 87' lang='lat' dir='ltr'><strong>discedere.</strong></span> <span class='ocrx_word' id='word_1_613' title='bbox 2516 3573 2666 3628; x_wconf 90' lang='lat' dir='ltr'><strong>Tunc</strong></span> <span class='ocrx_word' id='word_1_614' title='bbox 2694 3572 2826 3625; x_wconf 81' lang='lat' dir='ltr'><strong>liens</strong></span> <span class='ocrx_word' id='word_1_615' title='bbox 2855 3570 3069 3635; x_wconf 91' lang='lat' dir='ltr'><strong>acriter,</strong></span> <span class='ocrx_word' id='word_1_616' title='bbox 3102 3569 3236 3623; x_wconf 85' lang='lat' dir='ltr'><strong>dixit</strong></span> <span class='ocrx_word' id='word_1_617' title='bbox 3261 3567 3582 3636; x_wconf 83' lang='lat' dir='ltr'><strong>Euphraxiae</strong></span> 
     </span>
    </p>
   </div>
   <div class='ocr_carea' id='block_1_81' title="bbox 2024 3659 3584 3733">
    <p class='ocr_par' dir='ltr' id='par_1_81' title="bbox 2024 3659 3584 3733">
     <span class='ocr_line' id='line_1_81' title="bbox 2024 3659 3584 3733; baseline -0.007 -8"><span class='ocrx_word' id='word_1_618' title='bbox 2024 3670 2150 3725; x_wconf 71' lang='lat' dir='ltr'><strong>filia:</strong></span> <span class='ocrx_word' id='word_1_619' title='bbox 2173 3684 2284 3724; x_wconf 69' lang='lat' dir='ltr'><strong>sua:</strong></span> <span class='ocrx_word' id='word_1_620' title='bbox 2311 3687 2324 3723; x_wconf 88' lang='lat'><strong>:</strong></span> <span class='ocrx_word' id='word_1_621' title='bbox 2351 3667 2479 3724; x_wconf 80' lang='lat' dir='ltr'><strong>Filia</strong></span> <span class='ocrx_word' id='word_1_622' title='bbox 2509 3682 2650 3733; x_wconf 91' lang='lat' dir='ltr'><strong>mea,</strong></span> <span class='ocrx_word' id='word_1_623' title='bbox 2686 3666 2941 3720; x_wconf 90' lang='lat' dir='ltr'><strong>habemus</strong></span> <span class='ocrx_word' id='word_1_624' title='bbox 2980 3664 3030 3717; x_wconf 94' lang='lat' dir='ltr'><strong>in</strong></span> <span class='ocrx_word' id='word_1_625' title='bbox 3058 3662 3289 3733; x_wconf 69' lang='lat' dir='ltr'><strong>Egypto</strong></span> <span class='ocrx_word' id='word_1_626' title='bbox 3315 3659 3584 3730; x_wconf 89' lang='lat' dir='ltr'><strong>copiosam</strong></span> 
     </span>
    </p>
   </div>
   <div class='ocr_carea' id='block_1_82' title="bbox 2023 3753 3588 3833">
    <p class='ocr_par' dir='ltr' id='par_1_82' title="bbox 2023 3753 3588 3833">
     <span class='ocr_line' id='line_1_82' title="bbox 2023 3753 3588 3833; baseline -0.007 -17"><span class='ocrx_word' id='word_1_627' title='bbox 2023 3775 2378 3833; x_wconf 85' lang='lat' dir='ltr'><strong>magnamque</strong></span> <span class='ocrx_word' id='word_1_628' title='bbox 2407 3757 2756 3813; x_wconf 83' lang='lat' dir='ltr'><strong>substantiam</strong></span> <span class='ocrx_word' id='word_1_629' title='bbox 2782 3775 2794 3808; x_wconf 86' lang='lat'><strong>:</strong></span> <span class='ocrx_word' id='word_1_630' title='bbox 2819 3755 2971 3820; x_wconf 87' lang='lat' dir='ltr'><strong>veni,</strong></span> <span class='ocrx_word' id='word_1_631' title='bbox 3002 3769 3185 3808; x_wconf 89' lang='lat' dir='ltr'><strong>eamus</strong></span> <span class='ocrx_word' id='word_1_632' title='bbox 3209 3753 3353 3819; x_wconf 92' lang='lat' dir='ltr'><strong>illuc,</strong></span> <span class='ocrx_word' id='word_1_633' title='bbox 3380 3763 3432 3807; x_wconf 87' lang='lat' dir='ltr'><strong>et</strong></span> <span class='ocrx_word' id='word_1_634' title='bbox 3461 3753 3588 3806; x_wconf 84' lang='lat' dir='ltr'><strong>visi-</strong></span> 
     </span>
    </p>
   </div>
   <div class='ocr_carea' id='block_1_83' title="bbox 2027 3843 3588 3919">
    <p class='ocr_par' dir='ltr' id='par_1_83' title="bbox 2027 3843 3588 3919">
     <span class='ocr_line' id='line_1_83' title="bbox 2027 3843 3588 3919; baseline -0.008 -12"><span class='ocrx_word' id='word_1_635' title='bbox 2027 3862 2197 3908; x_wconf 88' lang='lat' dir='ltr'><strong>ternus</strong></span> <span class='ocrx_word' id='word_1_636' title='bbox 2219 3851 2382 3919; x_wconf 90' lang='lat' dir='ltr'><strong>patris</strong></span> <span class='ocrx_word' id='word_1_637' title='bbox 2403 3851 2477 3904; x_wconf 88' lang='lat' dir='ltr'><strong>tui</strong></span> <span class='ocrx_word' id='word_1_638' title='bbox 2503 3848 2895 3917; x_wconf 81' lang='lat' dir='ltr'><strong>possessiones:</strong></span> <span class='ocrx_word' id='word_1_639' title='bbox 2924 3855 2976 3899; x_wconf 91' lang='lat' dir='ltr'><strong>et</strong></span> <span class='ocrx_word' id='word_1_640' title='bbox 3001 3859 3116 3898; x_wconf 89' lang='lat' dir='ltr'><strong>mea</strong></span> <span class='ocrx_word' id='word_1_641' title='bbox 3136 3843 3313 3898; x_wconf 88' lang='lat' dir='ltr'><strong>omnia</strong></span> <span class='ocrx_word' id='word_1_642' title='bbox 3337 3853 3420 3896; x_wconf 84' lang='lat' dir='ltr'><strong>tua</strong></span> <span class='ocrx_word' id='word_1_643' title='bbox 3443 3851 3588 3906; x_wconf 89' lang='lat' dir='ltr'><strong>sunt,</strong></span> 
     </span>
    </p>
   </div>
   <div class='ocr_carea' id='block_1_84' title="bbox 2033 3935 3590 4011">
    <p class='ocr_par' dir='ltr' id='par_1_84' title="bbox 2033 3935 3590 4011">
     <span class='ocr_line' id='line_1_84' title="bbox 2033 3935 3590 4011; baseline -0.006 -13"><span class='ocrx_word' id='word_1_644' title='bbox 2033 3944 2138 3998; x_wconf 83' lang='lat' dir='ltr'><strong>filia</strong></span> <span class='ocrx_word' id='word_1_645' title='bbox 2172 3959 2310 3997; x_wconf 80' lang='lat' dir='ltr'><strong>mea.</strong></span> <span class='ocrx_word' id='word_1_646' title='bbox 2337 3943 2487 3997; x_wconf 84' lang='lat' dir='ltr'><strong>Tune</strong></span> <span class='ocrx_word' id='word_1_647' title='bbox 2509 3955 2634 4011; x_wconf 89' lang='lat' dir='ltr'><strong>ergo</strong></span> <span class='ocrx_word' id='word_1_648' title='bbox 2655 3955 2772 3995; x_wconf 92' lang='lat' dir='ltr'><strong>cum</strong></span> <span class='ocrx_word' id='word_1_649' title='bbox 2817 3938 2921 3992; x_wconf 89' lang='lat' dir='ltr'><strong>filia</strong></span> <span class='ocrx_word' id='word_1_650' title='bbox 2958 3951 3051 3991; x_wconf 89' lang='lat' dir='ltr'><strong>sua</strong></span> <span class='ocrx_word' id='word_1_651' title='bbox 3082 3935 3378 4005; x_wconf 86' lang='lat' dir='ltr'><strong>Euphraxia</strong></span> <span class='ocrx_word' id='word_1_652' title='bbox 3411 3936 3478 3989; x_wconf 89' lang='lat' dir='ltr'><strong>de</strong></span> <span class='ocrx_word' id='word_1_653' title='bbox 3503 3948 3590 3988; x_wconf 89' lang='lat' dir='ltr'><strong>re-</strong></span> 
     </span>
    </p>
   </div>
   <div class='ocr_carea' id='block_1_85' title="bbox 2031 4025 3590 4109">
    <p class='ocr_par' dir='ltr' id='par_1_85' title="bbox 2031 4025 3590 4109">
     <span class='ocr_line' id='line_1_85' title="bbox 2031 4025 3590 4109; baseline -0.008 -19"><span class='ocrx_word' id='word_1_654' title='bbox 2031 4039 2116 4109; x_wconf 84' lang='lat' dir='ltr'><strong>gia</strong></span> <span class='ocrx_word' id='word_1_655' title='bbox 2148 4039 2365 4092; x_wconf 89' lang='lat' dir='ltr'><strong>civitate</strong></span> <span class='ocrx_word' id='word_1_656' title='bbox 2395 4035 2663 4097; x_wconf 88' lang='lat' dir='ltr'><strong>discessit,</strong></span> <span class='ocrx_word' id='word_1_657' title='bbox 2691 4031 2927 4100; x_wconf 84' lang='lat' dir='ltr'><strong>principe</strong></span> <span class='ocrx_word' id='word_1_658' title='bbox 2952 4027 3242 4092; x_wconf 86' lang='lat' dir='ltr'><strong>nesciente,</strong></span> <span class='ocrx_word' id='word_1_659' title='bbox 3273 4035 3326 4081; x_wconf 90' lang='lat' dir='ltr'><strong>et</strong></span> <span class='ocrx_word' id='word_1_660' title='bbox 3355 4027 3499 4080; x_wconf 85' lang='lat' dir='ltr'><strong>venit</strong></span> <span class='ocrx_word' id='word_1_661' title='bbox 3538 4025 3590 4078; x_wconf 90' lang='lat' dir='ltr'><strong>in</strong></span> 
     </span>
    </p>
   </div>
   <div class='ocr_carea' id='block_1_86' title="bbox 2034 4115 3587 4201">
    <p class='ocr_par' dir='ltr' id='par_1_86' title="bbox 2034 4115 3587 4201">
     <span class='ocr_line' id='line_1_86' title="bbox 2034 4115 3587 4201; baseline -0.01 -15"><span class='ocrx_word' id='word_1_662' title='bbox 2034 4131 2354 4201; x_wconf 68' lang='lat' dir='ltr'><strong>Egyptum;</strong></span> <span class='ocrx_word' id='word_1_663' title='bbox 2397 4128 2506 4182; x_wconf 90' lang='lat' dir='ltr'><strong>illic</strong></span> <span class='ocrx_word' id='word_1_664' title='bbox 2547 4139 2758 4195; x_wconf 90' lang='lat' dir='ltr'><strong>quoque</strong></span> <span class='ocrx_word' id='word_1_665' title='bbox 2800 4122 3126 4186; x_wconf 88' lang='lat' dir='ltr'><strong>morabatur,</strong></span> <span class='ocrx_word' id='word_1_666' title='bbox 3157 4130 3211 4175; x_wconf 91' lang='lat' dir='ltr'><strong>et</strong></span> <span class='ocrx_word' id='word_1_667' title='bbox 3252 4134 3345 4174; x_wconf 87' lang='lat' dir='ltr'><strong>sua</strong></span> <span class='ocrx_word' id='word_1_668' title='bbox 3395 4115 3587 4186; x_wconf 69' lang='lat' dir='ltr'><strong>praedia</strong></span> 
     </span>
    </p>
   </div>
   <div class='ocr_carea' id='block_1_87' title="bbox 2037 4209 3591 4285">
    <p class='ocr_par' dir='ltr' id='par_1_87' title="bbox 2037 4209 3591 4285">
     <span class='ocr_line' id='line_1_87' title="bbox 2037 4209 3591 4285; baseline -0.009 -10"><span class='ocrx_word' id='word_1_669' title='bbox 2037 4224 2228 4277; x_wconf 89' lang='lat' dir='ltr'><strong>crebro</strong></span> <span class='ocrx_word' id='word_1_670' title='bbox 2256 4219 2517 4274; x_wconf 88' lang='lat' dir='ltr'><strong>visitabat.</strong></span> <span class='ocrx_word' id='word_1_671' title='bbox 2548 4217 2613 4272; x_wconf 84' lang='lat' dir='ltr'><strong>Et</strong></span> <span class='ocrx_word' id='word_1_672' title='bbox 2643 4215 2875 4285; x_wconf 86' lang='lat' dir='ltr'><strong>profecta</strong></span> <span class='ocrx_word' id='word_1_673' title='bbox 2900 4224 2981 4269; x_wconf 92' lang='lat' dir='ltr'><strong>est</strong></span> <span class='ocrx_word' id='word_1_674' title='bbox 3022 4213 3075 4268; x_wconf 91' lang='lat' dir='ltr'><strong>in</strong></span> <span class='ocrx_word' id='word_1_675' title='bbox 3111 4211 3416 4267; x_wconf 90' lang='lat' dir='ltr'><strong>interiorem</strong></span> <span class='ocrx_word' id='word_1_676' title='bbox 3452 4209 3591 4264; x_wconf 86' lang='lat' dir='ltr'><strong>The-</strong></span> 
     </span>
    </p>
   </div>
   <div class='ocr_carea' id='block_1_88' title="bbox 2039 4301 3591 4378">
    <p class='ocr_par' dir='ltr' id='par_1_88' title="bbox 2039 4301 3591 4378">
     <span class='ocr_line' id='line_1_88' title="bbox 2039 4301 3591 4378; baseline -0.008 -12"><span class='ocrx_word' id='word_1_677' title='bbox 2039 4313 2244 4366; x_wconf 85' lang='lat' dir='ltr'><strong>baidem</strong></span> <span class='ocrx_word' id='word_1_678' title='bbox 2289 4325 2408 4364; x_wconf 93' lang='lat' dir='ltr'><strong>cum</strong></span> <span class='ocrx_word' id='word_1_679' title='bbox 2463 4307 2889 4378; x_wconf 89' lang='lat' dir='ltr'><strong>procuratoribus</strong></span> <span class='ocrx_word' id='word_1_680' title='bbox 2931 4307 3041 4360; x_wconf 88' lang='lat' dir='ltr'><strong>suis</strong></span> <span class='ocrx_word' id='word_1_681' title='bbox 3097 4313 3255 4372; x_wconf 86' lang='lat' dir='ltr'><strong>atque</strong></span> <span class='ocrx_word' id='word_1_682' title='bbox 3295 4301 3591 4362; x_wconf 88' lang='lat' dir='ltr'><strong>ministris,</strong></span> 
     </span>
    </p>
   </div>
   <div class='ocr_carea' id='block_1_89' title="bbox 2043 4393 3595 4462">
    <p class='ocr_par' dir='ltr' id='par_1_89' title="bbox 2043 4393 3595 4462">
     <span class='ocr_line' id='line_1_89' title="bbox 2043 4393 3595 4462; baseline -0.006 -6"><span class='ocrx_word' id='word_1_683' title='bbox 2043 4401 2358 4456; x_wconf 89' lang='lat' dir='ltr'><strong>habentibus</strong></span> <span class='ocrx_word' id='word_1_684' title='bbox 2399 4415 2580 4455; x_wconf 90' lang='lat' dir='ltr'><strong>curam</strong></span> <span class='ocrx_word' id='word_1_685' title='bbox 2624 4414 2837 4452; x_wconf 89' lang='lat' dir='ltr'><strong>suarum</strong></span> <span class='ocrx_word' id='word_1_686' title='bbox 2888 4412 3087 4452; x_wconf 88' lang='lat' dir='ltr'><strong>rerum.</strong></span> <span class='ocrx_word' id='word_1_687' title='bbox 3126 4395 3258 4462; x_wconf 64' lang='lat' dir='ltr'><strong>Quae</strong></span> <span class='ocrx_word' id='word_1_688' title='bbox 3282 4396 3440 4450; x_wconf 89' lang='lat' dir='ltr'><strong>etiam</strong></span> <span class='ocrx_word' id='word_1_689' title='bbox 3486 4393 3595 4447; x_wconf 88' lang='lat' dir='ltr'><strong>illic</strong></span> 
     </span>
    </p>
   </div>
   <div class='ocr_carea' id='block_1_90' title="bbox 2044 4483 3597 4555">
    <p class='ocr_par' dir='ltr' id='par_1_90' title="bbox 2044 4483 3597 4555">
     <span class='ocr_line' id='line_1_90' title="bbox 2044 4483 3597 4555; baseline -0.005 -10"><span class='ocrx_word' id='word_1_690' title='bbox 2044 4507 2237 4546; x_wconf 87' lang='lat' dir='ltr'><strong>vacans</strong></span> <span class='ocrx_word' id='word_1_691' title='bbox 2264 4493 2317 4546; x_wconf 92' lang='lat' dir='ltr'><strong>in</strong></span> <span class='ocrx_word' id='word_1_692' title='bbox 2342 4491 2676 4555; x_wconf 89' lang='lat' dir='ltr'><strong>sanctuariis,</strong></span> <span class='ocrx_word' id='word_1_693' title='bbox 2705 4499 2758 4544; x_wconf 91' lang='lat' dir='ltr'><strong>et</strong></span> <span class='ocrx_word' id='word_1_694' title='bbox 2785 4487 2978 4543; x_wconf 88' lang='lat' dir='ltr'><strong>multas</strong></span> <span class='ocrx_word' id='word_1_695' title='bbox 3009 4487 3306 4542; x_wconf 90' lang='lat' dir='ltr'><strong>oblationes</strong></span> <span class='ocrx_word' id='word_1_696' title='bbox 3333 4485 3442 4538; x_wconf 91' lang='lat' dir='ltr'><strong>illic</strong></span> <span class='ocrx_word' id='word_1_697' title='bbox 3464 4483 3597 4538; x_wconf 81' lang='lat' dir='ltr'><strong>olfe-</strong></span> 
     </span>
    </p>
   </div>
   <div class='ocr_carea' id='block_1_91' title="bbox 371 4557 1908 4654">
    <p class='ocr_par' dir='ltr' id='par_1_91' title="bbox 371 4557 1908 4653">
     <span class='ocr_line' id='line_1_91' title="bbox 371 4557 1908 4653; baseline -0.008 -11"><span class='ocrx_word' id='word_1_698' title='bbox 371 4589 582 4644; x_wconf 90' lang='lat' dir='ltr'><strong>mendo.</strong></span> <span class='ocrx_word' id='word_1_699' title='bbox 618 4586 922 4641; x_wconf 82' lang='lat' dir='ltr'><strong>Memoriam</strong></span> <span class='ocrx_word' id='word_1_700' title='bbox 955 4599 1082 4653; x_wconf 89' lang='lat' dir='ltr'><strong>ergo</strong></span> <span class='ocrx_word' id='word_1_701' title='bbox 1114 4557 1367 4636; x_wconf 82' lang='lat' dir='ltr'><strong>habentes</strong></span> <span class='ocrx_word' id='word_1_702' title='bbox 1393 4577 1672 4644; x_wconf 81' lang='lat' dir='ltr'><strong>Antigoni,</strong></span> <span class='ocrx_word' id='word_1_703' title='bbox 1719 4579 1806 4645; x_wconf 92' lang='lat' dir='ltr'><strong>qui</strong></span> <span class='ocrx_word' id='word_1_704' title='bbox 1840 4577 1908 4630; x_wconf 91' lang='lat' dir='ltr'><strong>fui</strong></span> 
     </span>
    </p>
   </div>
   <div class='ocr_carea' id='block_1_92' title="bbox 2015 4557 3600 4654">
    <p class='ocr_par' dir='ltr' id='par_1_92' title="bbox 2015 4568 3600 4654">
     <span class='ocr_line' id='line_1_92' title="bbox 2015 4568 3600 4654; baseline -0.007 -13"><span class='ocrx_word' id='word_1_705' title='bbox 2015 4568 2020 4602; x_wconf 81' lang='grc'><em>’</em></span> <span class='ocrx_word' id='word_1_706' title='bbox 2049 4602 2172 4641; x_wconf 88' lang='lat' dir='ltr'><strong>rens</strong></span> <span class='ocrx_word' id='word_1_707' title='bbox 2201 4601 2294 4654; x_wconf 89' lang='lat' dir='ltr'><strong>per</strong></span> <span class='ocrx_word' id='word_1_708' title='bbox 2338 4584 2658 4639; x_wconf 82' lang='lat' dir='ltr'><strong>monasteria</strong></span> <span class='ocrx_word' id='word_1_709' title='bbox 2697 4583 2928 4636; x_wconf 88' lang='lat' dir='ltr'><strong>virorum</strong></span> <span class='ocrx_word' id='word_1_710' title='bbox 2970 4593 3031 4633; x_wconf 90' lang='lat' dir='ltr'><strong>ac</strong></span> <span class='ocrx_word' id='word_1_711' title='bbox 3061 4577 3336 4633; x_wconf 86' lang='lat' dir='ltr'><strong>mulierum</strong></span> <span class='ocrx_word' id='word_1_712' title='bbox 3362 4617 3374 4641; x_wconf 92' lang='lat'><strong>,</strong></span> <span class='ocrx_word' id='word_1_713' title='bbox 3408 4579 3600 4630; x_wconf 87' lang='lat' dir='ltr'><strong>multas</strong></span> 
     </span>
    </p>
   </div>
   <div class='ocr_carea' id='block_1_93' title="bbox 370 4667 1937 4746">
    <p class='ocr_par' dir='ltr' id='par_1_93' title="bbox 370 4667 1937 4746">
     <span class='ocr_line' id='line_1_93' title="bbox 370 4667 1937 4746; baseline -0.008 -13"><span class='ocrx_word' id='word_1_714' title='bbox 370 4693 569 4742; x_wconf 82' lang='lat' dir='ltr'><strong>vester,</strong></span> <span class='ocrx_word' id='word_1_715' title='bbox 599 4679 846 4746; x_wconf 83' lang='lat' dir='ltr'><strong>suscipite</strong></span> <span class='ocrx_word' id='word_1_716' title='bbox 876 4690 991 4728; x_wconf 88' lang='lat' dir='ltr'><strong>eam</strong></span> <span class='ocrx_word' id='word_1_717' title='bbox 1020 4683 1176 4739; x_wconf 89' lang='lat' dir='ltr'><strong>atque</strong></span> <span class='ocrx_word' id='word_1_718' title='bbox 1205 4672 1460 4735; x_wconf 88' lang='lat' dir='ltr'><strong>tuemini,</strong></span> <span class='ocrx_word' id='word_1_719' title='bbox 1492 4679 1546 4724; x_wconf 92' lang='lat' dir='ltr'><strong>et</strong></span> <span class='ocrx_word' id='word_1_720' title='bbox 1587 4679 1758 4724; x_wconf 90' lang='lat' dir='ltr'><strong>estote</strong></span> <span class='ocrx_word' id='word_1_721' title='bbox 1795 4669 1843 4722; x_wconf 90' lang='lat' dir='ltr'><strong>ei</strong></span> <span class='ocrx_word' id='word_1_722' title='bbox 1887 4667 1937 4721; x_wconf 94' lang='lat' dir='ltr'><strong>in</strong></span> 
     </span>
    </p>
   </div>
   <div class='ocr_carea' id='block_1_94' title="bbox 376 4762 1942 4836">
    <p class='ocr_par' dir='ltr' id='par_1_94' title="bbox 376 4762 1942 4836">
     <span class='ocr_line' id='line_1_94' title="bbox 376 4762 1942 4836; baseline -0.008 -12"><span class='ocrx_word' id='word_1_723' title='bbox 376 4769 495 4824; x_wconf 83' lang='lat' dir='ltr'><strong>loco</strong></span> <span class='ocrx_word' id='word_1_724' title='bbox 525 4769 687 4836; x_wconf 76' lang='lat' dir='ltr'><strong>patris</strong></span> <span class='ocrx_word' id='word_1_725' title='bbox 710 4778 760 4822; x_wconf 91' lang='lat' dir='ltr'><strong>el</strong></span> <span class='ocrx_word' id='word_1_726' title='bbox 789 4767 993 4820; x_wconf 89' lang='lat' dir='ltr'><strong>matris.</strong></span> <span class='ocrx_word' id='word_1_727' title='bbox 1031 4765 1175 4818; x_wconf 76' lang='lat' dir='ltr'><strong>Multi</strong></span> <span class='ocrx_word' id='word_1_728' title='bbox 1204 4773 1378 4818; x_wconf 86' lang='lat' dir='ltr'><strong>autem</strong></span> <span class='ocrx_word' id='word_1_729' title='bbox 1423 4762 1637 4815; x_wconf 87' lang='lat' dir='ltr'><strong>flumina</strong></span> <span class='ocrx_word' id='word_1_730' title='bbox 1683 4762 1942 4831; x_wconf 84' lang='lat' dir='ltr'><strong>lacryma-</strong></span> 
     </span>
    </p>
   </div>
   <div class='ocr_carea' id='block_1_95' title="bbox 379 4854 1941 4919">
    <p class='ocr_par' dir='ltr' id='par_1_95' title="bbox 379 4854 1941 4919">
     <span class='ocr_line' id='line_1_95' title="bbox 379 4854 1941 4919; baseline -0.007 -4"><span class='ocrx_word' id='word_1_731' title='bbox 379 4877 495 4915; x_wconf 92' lang='lat' dir='ltr'><strong>rum</strong></span> <span class='ocrx_word' id='word_1_732' title='bbox 548 4872 600 4915; x_wconf 90' lang='lat' dir='ltr'><strong>et</strong></span> <span class='ocrx_word' id='word_1_733' title='bbox 642 4875 796 4914; x_wconf 85' lang='lat' dir='ltr'><strong>voces</strong></span> <span class='ocrx_word' id='word_1_734' title='bbox 843 4862 1132 4912; x_wconf 90' lang='lat' dir='ltr'><strong>emiserunt</strong></span> <span class='ocrx_word' id='word_1_735' title='bbox 1178 4857 1528 4919; x_wconf 89' lang='lat' dir='ltr'><strong>audientium,</strong></span> <span class='ocrx_word' id='word_1_736' title='bbox 1582 4856 1653 4908; x_wconf 90' lang='lat' dir='ltr'><strong>ita</strong></span> <span class='ocrx_word' id='word_1_737' title='bbox 1697 4854 1941 4906; x_wconf 88' lang='lat' dir='ltr'><strong>utetiam</strong></span> 
     </span>
    </p>
   </div>
   <div class='ocr_carea' id='block_1_96' title="bbox 378 4951 931 5023">
    <p class='ocr_par' dir='ltr' id='par_1_96' title="bbox 378 4951 931 5023">
     <span class='ocr_line' id='line_1_96' title="bbox 378 4951 931 5023; baseline -0.011 -17"><span class='ocrx_word' id='word_1_738' title='bbox 378 4953 644 5023; x_wconf 83' lang='lat' dir='ltr'><strong>principes</strong></span> <span class='ocrx_word' id='word_1_739' title='bbox 673 4951 931 5019; x_wconf 84' lang='lat' dir='ltr'><strong>lugerent.</strong></span> 
     </span>
    </p>
   </div>
   <div class='ocr_carea' id='block_1_97' title="bbox 449 5035 1946 5110">
    <p class='ocr_par' dir='ltr' id='par_1_97' title="bbox 449 5035 1946 5110">
     <span class='ocr_line' id='line_1_97' title="bbox 449 5035 1946 5110; baseline -0.005 -14"><span class='ocrx_word' id='word_1_740' title='bbox 449 5045 578 5100; x_wconf 68' lang='lat' dir='ltr'><strong>CAP.</strong></span> <span class='ocrx_word' id='word_1_741' title='bbox 618 5043 704 5097; x_wconf 79' lang='grc' dir='ltr'><strong>Ν.</strong></span> <span class='ocrx_word' id='word_1_742' title='bbox 729 5072 797 5083; x_wconf 91' lang='lat'><strong>-—</strong></span> <span class='ocrx_word' id='word_1_743' title='bbox 824 5043 946 5096; x_wconf 90' lang='lat' dir='ltr'><strong>Post</strong></span> <span class='ocrx_word' id='word_1_744' title='bbox 975 5055 1192 5110; x_wconf 89' lang='lat' dir='ltr'><strong>paucum</strong></span> <span class='ocrx_word' id='word_1_745' title='bbox 1222 5055 1348 5095; x_wconf 89' lang='lat' dir='ltr'><strong>vero</strong></span> <span class='ocrx_word' id='word_1_746' title='bbox 1379 5047 1585 5106; x_wconf 90' lang='lat' dir='ltr'><strong>tempus</strong></span> <span class='ocrx_word' id='word_1_747' title='bbox 1609 5053 1638 5090; x_wconf 87' lang='lat' dir='ltr'><strong>a</strong></span> <span class='ocrx_word' id='word_1_748' title='bbox 1669 5038 1810 5089; x_wconf 91' lang='lat' dir='ltr'><strong>luctu</strong></span> <span class='ocrx_word' id='word_1_749' title='bbox 1848 5035 1946 5088; x_wconf 82' lang='lat' dir='ltr'><strong>ali-</strong></span> 
     </span>
    </p>
   </div>
   <div class='ocr_carea' id='block_1_98' title="bbox 378 5129 1944 5206">
    <p class='ocr_par' dir='ltr' id='par_1_98' title="bbox 378 5129 1944 5206">
     <span class='ocr_line' id='line_1_98' title="bbox 378 5129 1944 5206; baseline -0.006 -16"><span class='ocrx_word' id='word_1_750' title='bbox 378 5144 579 5206; x_wconf 90' lang='lat' dir='ltr'><strong>quanto</strong></span> <span class='ocrx_word' id='word_1_751' title='bbox 600 5133 904 5204; x_wconf 90' lang='lat' dir='ltr'><strong>quiescente</strong></span> <span class='ocrx_word' id='word_1_752' title='bbox 985 5132 1232 5201; x_wconf 85' lang='lat' dir='ltr'><strong>Antigoni</strong></span> <span class='ocrx_word' id='word_1_753' title='bbox 1257 5172 1272 5195; x_wconf 88' lang='lat'><strong>,</strong></span> <span class='ocrx_word' id='word_1_754' title='bbox 1301 5131 1468 5183; x_wconf 87' lang='lat' dir='ltr'><strong>suasit</strong></span> <span class='ocrx_word' id='word_1_755' title='bbox 1496 5130 1785 5194; x_wconf 89' lang='lat' dir='ltr'><strong>imperator</strong></span> <span class='ocrx_word' id='word_1_756' title='bbox 1815 5129 1860 5178; x_wconf 90' lang='lat' dir='ltr'><strong>ei</strong></span> <span class='ocrx_word' id='word_1_757' title='bbox 1891 5135 1944 5180; x_wconf 94' lang='lat' dir='ltr'><strong>ut</strong></span> 
     </span>
    </p>
   </div>
   <div class='ocr_carea' id='block_1_99' title="bbox 384 5215 1950 5292">
    <p class='ocr_par' dir='ltr' id='par_1_99' title="bbox 384 5215 1950 5292">
     <span class='ocr_line' id='line_1_99' title="bbox 384 5215 1950 5292; baseline -0.01 -12"><span class='ocrx_word' id='word_1_758' title='bbox 384 5227 544 5280; x_wconf 86' lang='lat' dir='ltr'><strong>filiam</strong></span> <span class='ocrx_word' id='word_1_759' title='bbox 588 5239 736 5279; x_wconf 90' lang='lat' dir='ltr'><strong>suam</strong></span> <span class='ocrx_word' id='word_1_760' title='bbox 780 5223 1132 5292; x_wconf 84' lang='lat' dir='ltr'><strong>Euphraxiarn</strong></span> <span class='ocrx_word' id='word_1_761' title='bbox 1162 5220 1371 5272; x_wconf 86' lang='lat' dir='ltr'><strong>cuidam</strong></span> <span class='ocrx_word' id='word_1_762' title='bbox 1412 5217 1641 5271; x_wconf 89' lang='lat' dir='ltr'><strong>senatori</strong></span> <span class='ocrx_word' id='word_1_763' title='bbox 1684 5215 1950 5268; x_wconf 80' lang='lat' dir='ltr'><strong>ditissirno</strong></span> 
     </span>
    </p>
   </div>
   <div class='ocr_carea' id='block_1_100' title="bbox 384 5304 1947 5372">
    <p class='ocr_par' dir='ltr' id='par_1_100' title="bbox 384 5304 1947 5372">
     <span class='ocr_line' id='line_1_100' title="bbox 384 5304 1947 5372; baseline -0.012 0"><span class='ocrx_word' id='word_1_764' title='bbox 384 5317 537 5372; x_wconf 88' lang='lat' dir='ltr'><strong>daret</strong></span> <span class='ocrx_word' id='word_1_765' title='bbox 581 5328 822 5368; x_wconf 88' lang='lat' dir='ltr'><strong>uxorem.</strong></span> <span class='ocrx_word' id='word_1_766' title='bbox 858 5314 922 5365; x_wconf 77' lang='lat' dir='ltr'><strong>Et</strong></span> <span class='ocrx_word' id='word_1_767' title='bbox 950 5309 1144 5364; x_wconf 86' lang='lat' dir='ltr'><strong>factum</strong></span> <span class='ocrx_word' id='word_1_768' title='bbox 1195 5318 1276 5361; x_wconf 91' lang='lat' dir='ltr'><strong>est</strong></span> <span class='ocrx_word' id='word_1_769' title='bbox 1315 5316 1373 5361; x_wconf 93' lang='lat' dir='ltr'><strong>ut</strong></span> <span class='ocrx_word' id='word_1_770' title='bbox 1417 5306 1604 5359; x_wconf 84' lang='lat' dir='ltr'><strong>arrhas</strong></span> <span class='ocrx_word' id='word_1_771' title='bbox 1649 5304 1947 5371; x_wconf 75' lang='lat' dir='ltr'><strong>Euphraxia</strong></span> 
     </span>
    </p>
   </div>
   <div class='ocr_carea' id='block_1_101' title="bbox 386 5396 1951 5478">
    <p class='ocr_par' dir='ltr' id='par_1_101' title="bbox 386 5396 1951 5478">
     <span class='ocr_line' id='line_1_101' title="bbox 386 5396 1951 5478; baseline -0.011 -14"><span class='ocrx_word' id='word_1_772' title='bbox 386 5409 672 5478; x_wconf 84' lang='lat' dir='ltr'><strong>acciperet.</strong></span> <span class='ocrx_word' id='word_1_773' title='bbox 710 5405 982 5474; x_wconf 82' lang='lat' dir='ltr'><strong>Susceptis</strong></span> <span class='ocrx_word' id='word_1_774' title='bbox 1011 5403 1203 5465; x_wconf 64' lang='lat' dir='ltr'><strong>arrhis,</strong></span> <span class='ocrx_word' id='word_1_775' title='bbox 1235 5401 1422 5470; x_wconf 75' lang='lat' dir='ltr'><strong>puellze</strong></span> <span class='ocrx_word' id='word_1_776' title='bbox 1451 5411 1578 5453; x_wconf 65' lang='lat' dir='ltr'><strong>aetas</strong></span> <span class='ocrx_word' id='word_1_777' title='bbox 1606 5396 1951 5465; x_wconf 82' lang='lat' dir='ltr'><strong>exspectaba-</strong></span> 
     </span>
    </p>
   </div>
   <div class='ocr_carea' id='block_1_102' title="bbox 392 5486 1944 5559">
    <p class='ocr_par' dir='ltr' id='par_1_102' title="bbox 392 5486 1944 5559">
     <span class='ocr_line' id='line_1_102' title="bbox 392 5486 1944 5559; baseline -0.008 -7"><span class='ocrx_word' id='word_1_778' title='bbox 392 5509 500 5552; x_wconf 89' lang='lat' dir='ltr'><strong>tttr.</strong></span> <span class='ocrx_word' id='word_1_779' title='bbox 533 5499 657 5552; x_wconf 87' lang='lat' dir='ltr'><strong>Erat</strong></span> <span class='ocrx_word' id='word_1_780' title='bbox 682 5496 822 5551; x_wconf 88' lang='lat' dir='ltr'><strong>enim</strong></span> <span class='ocrx_word' id='word_1_781' title='bbox 855 5493 1012 5547; x_wconf 88' lang='lat' dir='ltr'><strong>nimis</strong></span> <span class='ocrx_word' id='word_1_782' title='bbox 1044 5491 1322 5554; x_wconf 86' lang='lat' dir='ltr'><strong>iufantula,</strong></span> <span class='ocrx_word' id='word_1_783' title='bbox 1346 5493 1557 5559; x_wconf 88' lang='lat' dir='ltr'><strong>quando</strong></span> <span class='ocrx_word' id='word_1_784' title='bbox 1584 5486 1818 5553; x_wconf 85' lang='lat' dir='ltr'><strong>suscepit</strong></span> <span class='ocrx_word' id='word_1_785' title='bbox 1857 5502 1944 5540; x_wconf 89' lang='lat' dir='ltr'><strong>ar-</strong></span> 
     </span>
    </p>
   </div>
   <div class='ocr_carea' id='block_1_103' title="bbox 391 5576 1956 5654">
    <p class='ocr_par' dir='ltr' id='par_1_103' title="bbox 391 5576 1956 5654">
     <span class='ocr_line' id='line_1_103' title="bbox 391 5576 1956 5654; baseline -0.008 -12"><span class='ocrx_word' id='word_1_786' title='bbox 391 5590 554 5654; x_wconf 85' lang='lat' dir='ltr'><strong>rhas,</strong></span> <span class='ocrx_word' id='word_1_787' title='bbox 601 5590 751 5654; x_wconf 86' lang='lat' dir='ltr'><strong>quasi</strong></span> <span class='ocrx_word' id='word_1_788' title='bbox 798 5599 1053 5639; x_wconf 86' lang='lat' dir='ltr'><strong>annorum</strong></span> <span class='ocrx_word' id='word_1_789' title='bbox 1097 5584 1352 5651; x_wconf 90' lang='lat' dir='ltr'><strong>quinque.</strong></span> <span class='ocrx_word' id='word_1_790' title='bbox 1397 5581 1522 5633; x_wconf 77' lang='lat' dir='ltr'><strong>l’ost</strong></span> <span class='ocrx_word' id='word_1_791' title='bbox 1566 5576 1956 5646; x_wconf 87' lang='lat' dir='ltr'><strong>aliquantulum</strong></span> 
     </span>
    </p>
   </div>
   <div class='ocr_carea' id='block_1_104' title="bbox 394 5671 1954 5749">
    <p class='ocr_par' dir='ltr' id='par_1_104' title="bbox 394 5671 1954 5749">
     <span class='ocr_line' id='line_1_104' title="bbox 394 5671 1954 5749; baseline -0.005 -17"><span class='ocrx_word' id='word_1_792' title='bbox 394 5695 524 5734; x_wconf 89' lang='lat' dir='ltr'><strong>vero</strong></span> <span class='ocrx_word' id='word_1_793' title='bbox 547 5690 757 5749; x_wconf 91' lang='lat' dir='ltr'><strong>tempus</strong></span> <span class='ocrx_word' id='word_1_794' title='bbox 783 5678 1038 5747; x_wconf 86' lang='lat' dir='ltr'><strong>cogitavit</strong></span> <span class='ocrx_word' id='word_1_795' title='bbox 1067 5678 1178 5743; x_wconf 87' lang='lat' dir='ltr'><strong>ipse</strong></span> <span class='ocrx_word' id='word_1_796' title='bbox 1203 5684 1437 5739; x_wconf 86' lang='lat' dir='ltr'><strong>senator,</strong></span> <span class='ocrx_word' id='word_1_797' title='bbox 1471 5683 1529 5726; x_wconf 91' lang='lat' dir='ltr'><strong>ut</strong></span> <span class='ocrx_word' id='word_1_798' title='bbox 1556 5687 1774 5727; x_wconf 83' lang='lat' dir='ltr'><strong>uxorem</strong></span> <span class='ocrx_word' id='word_1_799' title='bbox 1804 5671 1954 5725; x_wconf 82' lang='lat' dir='ltr'><strong>Atili-</strong></span> 
     </span>
    </p>
   </div>
   <div class='ocr_carea' id='block_1_105' title="bbox 394 5767 1958 5842">
    <p class='ocr_par' dir='ltr' id='par_1_105' title="bbox 394 5767 1958 5842">
     <span class='ocr_line' id='line_1_105' title="bbox 394 5767 1958 5842; baseline -0.007 -15"><span class='ocrx_word' id='word_1_800' title='bbox 394 5771 517 5842; x_wconf 74' lang='lat' dir='ltr'><strong>geni</strong></span> <span class='ocrx_word' id='word_1_801' title='bbox 548 5769 648 5825; x_wconf 88' lang='lat' dir='ltr'><strong>sibi</strong></span> <span class='ocrx_word' id='word_1_802' title='bbox 696 5770 941 5824; x_wconf 88' lang='lat' dir='ltr'><strong>crederet</strong></span> <span class='ocrx_word' id='word_1_803' title='bbox 988 5767 1254 5835; x_wconf 84' lang='lat' dir='ltr'><strong>copulari;</strong></span> <span class='ocrx_word' id='word_1_804' title='bbox 1287 5776 1338 5819; x_wconf 86' lang='lat' dir='ltr'><strong>ct</strong></span> <span class='ocrx_word' id='word_1_805' title='bbox 1379 5779 1472 5833; x_wconf 83' lang='lat' dir='ltr'><strong>per</strong></span> <span class='ocrx_word' id='word_1_806' title='bbox 1512 5776 1695 5832; x_wconf 70' lang='grc' dir='ltr'>μιόροδ</span> <span class='ocrx_word' id='word_1_807' title='bbox 1733 5772 1820 5815; x_wconf 86' lang='lat' dir='ltr'><strong>aut</strong></span> <span class='ocrx_word' id='word_1_808' title='bbox 1864 5775 1958 5830; x_wconf 88' lang='lat' dir='ltr'><strong>per</strong></span> 
     </span>
    </p>
   </div>
   <div class='ocr_carea' id='block_1_106' title="bbox 2049 4675 2590 4747">
    <p class='ocr_par' dir='ltr' id='par_1_106' title="bbox 2049 4675 2590 4747">
     <span class='ocr_line' id='line_1_106' title="bbox 2049 4675 2590 4747; baseline -0.009 -14"><span class='ocrx_word' id='word_1_809' title='bbox 2049 4677 2300 4747; x_wconf 89' lang='lat' dir='ltr'><strong>pecunias</strong></span> <span class='ocrx_word' id='word_1_810' title='bbox 2319 4675 2590 4742; x_wconf 89' lang='lat' dir='ltr'><strong>erogabat.</strong></span> 
     </span>
    </p>
   </div>
   <div class='ocr_carea' id='block_1_107' title="bbox 2118 4756 3613 4820">
    <p class='ocr_par' dir='ltr' id='par_1_107' title="bbox 2118 4756 3613 4820">
     <span class='ocr_line' id='line_1_107' title="bbox 2118 4756 3613 4820; baseline -0.005 -1"><span class='ocrx_word' id='word_1_811' title='bbox 2118 4767 2247 4820; x_wconf 66' lang='lat' dir='ltr'><strong>Car.</strong></span> <span class='ocrx_word' id='word_1_812' title='bbox 2281 4765 2364 4817; x_wconf 81' lang='lat' dir='ltr'><strong>Vl.</strong></span> <span class='ocrx_word' id='word_1_813' title='bbox 2387 4793 2454 4803; x_wconf 93' lang='lat'><strong>—</strong></span> <span class='ocrx_word' id='word_1_814' title='bbox 2480 4763 2606 4816; x_wconf 86' lang='lat' dir='ltr'><strong>Erat</strong></span> <span class='ocrx_word' id='word_1_815' title='bbox 2629 4772 2804 4816; x_wconf 89' lang='lat' dir='ltr'><strong>autem</strong></span> <span class='ocrx_word' id='word_1_816' title='bbox 2833 4760 3214 4816; x_wconf 88' lang='lat' dir='ltr'><strong>monasterium</strong></span> <span class='ocrx_word' id='word_1_817' title='bbox 3242 4756 3517 4812; x_wconf 89' lang='lat' dir='ltr'><strong>mulierum</strong></span> <span class='ocrx_word' id='word_1_818' title='bbox 3552 4756 3613 4812; x_wconf 79' lang='lat' dir='ltr'><strong>in</strong></span> 
     </span>
    </p>
   </div>
   <div class='ocr_carea' id='block_1_108' title="bbox 2051 4847 3616 4923">
    <p class='ocr_par' dir='ltr' id='par_1_108' title="bbox 2051 4847 3616 4923">
     <span class='ocr_line' id='line_1_108' title="bbox 2051 4847 3616 4923; baseline -0.008 -10"><span class='ocrx_word' id='word_1_819' title='bbox 2051 4872 2154 4913; x_wconf 87' lang='lat' dir='ltr'><strong>una</strong></span> <span class='ocrx_word' id='word_1_820' title='bbox 2183 4857 2416 4920; x_wconf 88' lang='lat' dir='ltr'><strong>civitate,</strong></span> <span class='ocrx_word' id='word_1_821' title='bbox 2447 4854 2644 4908; x_wconf 83' lang='lat' dir='ltr'><strong>habens</strong></span> <span class='ocrx_word' id='word_1_822' title='bbox 2667 4854 2913 4908; x_wconf 88' lang='lat' dir='ltr'><strong>architria</strong></span> <span class='ocrx_word' id='word_1_823' title='bbox 2940 4853 3018 4923; x_wconf 74' lang='grc' dir='ltr'><strong>(ὅ)</strong></span> <span class='ocrx_word' id='word_1_824' title='bbox 3040 4860 3253 4906; x_wconf 91' lang='lat' dir='ltr'><strong>centum</strong></span> <span class='ocrx_word' id='word_1_825' title='bbox 3282 4849 3512 4918; x_wconf 89' lang='lat' dir='ltr'><strong>triginta,</strong></span> <span class='ocrx_word' id='word_1_826' title='bbox 3537 4847 3616 4901; x_wconf 76' lang='lat' dir='ltr'><strong>de</strong></span> 
     </span>
    </p>
   </div>
   <div class='ocr_carea' id='block_1_109' title="bbox 2056 4939 3607 5017">
    <p class='ocr_par' dir='ltr' id='par_1_109' title="bbox 2056 4939 3607 5017">
     <span class='ocr_line' id='line_1_109' title="bbox 2056 4939 3607 5017; baseline -0.009 -12"><span class='ocrx_word' id='word_1_827' title='bbox 2056 4951 2249 5017; x_wconf 88' lang='lat' dir='ltr'><strong>quibus</strong></span> <span class='ocrx_word' id='word_1_828' title='bbox 2275 4961 2491 5016; x_wconf 88' lang='lat' dir='ltr'><strong>magnas</strong></span> <span class='ocrx_word' id='word_1_829' title='bbox 2517 4955 2571 5000; x_wconf 92' lang='lat' dir='ltr'><strong>et</strong></span> <span class='ocrx_word' id='word_1_830' title='bbox 2592 4946 2858 4999; x_wconf 89' lang='lat' dir='ltr'><strong>mirabiles</strong></span> <span class='ocrx_word' id='word_1_831' title='bbox 2882 4945 3104 4998; x_wconf 91' lang='lat' dir='ltr'><strong>virtutes</strong></span> <span class='ocrx_word' id='word_1_832' title='bbox 3128 4941 3370 4997; x_wconf 87' lang='lat' dir='ltr'><strong>homines</strong></span> <span class='ocrx_word' id='word_1_833' title='bbox 3412 4939 3607 5008; x_wconf 54' lang='lat' dir='ltr'><strong>pradi-</strong></span> 
     </span>
    </p>
   </div>
   <div class='ocr_carea' id='block_1_110' title="bbox 2050 5033 3615 5106">
    <p class='ocr_par' dir='ltr' id='par_1_110' title="bbox 2050 5033 3615 5106">
     <span class='ocr_line' id='line_1_110' title="bbox 2050 5033 3615 5106; baseline -0.006 -10"><span class='ocrx_word' id='word_1_834' title='bbox 2050 5044 2264 5096; x_wconf 89' lang='lat' dir='ltr'><strong>cabant.</strong></span> <span class='ocrx_word' id='word_1_835' title='bbox 2297 5042 2348 5093; x_wconf 95' lang='lat' dir='ltr'><strong>In</strong></span> <span class='ocrx_word' id='word_1_836' title='bbox 2396 5040 2488 5094; x_wconf 94' lang='lat' dir='ltr'><strong>illo</strong></span> <span class='ocrx_word' id='word_1_837' title='bbox 2537 5053 2763 5106; x_wconf 90' lang='lat' dir='ltr'><strong>namque</strong></span> <span class='ocrx_word' id='word_1_838' title='bbox 2809 5035 3132 5091; x_wconf 90' lang='lat' dir='ltr'><strong>monasterio</strong></span> <span class='ocrx_word' id='word_1_839' title='bbox 3173 5049 3331 5090; x_wconf 91' lang='lat' dir='ltr'><strong>nemo</strong></span> <span class='ocrx_word' id='word_1_840' title='bbox 3370 5033 3615 5104; x_wconf 80' lang='lat' dir='ltr'><strong>gustabat</strong></span> 
     </span>
    </p>
   </div>
   <div class='ocr_carea' id='block_1_111' title="bbox 2051 5128 3616 5198">
    <p class='ocr_par' dir='ltr' id='par_1_111' title="bbox 2051 5128 3616 5198">
     <span class='ocr_line' id='line_1_111' title="bbox 2051 5128 3616 5198; baseline -0.003 -14"><span class='ocrx_word' id='word_1_841' title='bbox 2051 5133 2250 5196; x_wconf 89' lang='lat' dir='ltr'><strong>viuum,</strong></span> <span class='ocrx_word' id='word_1_842' title='bbox 2296 5132 2438 5184; x_wconf 90' lang='lat' dir='ltr'><strong>nulla</strong></span> <span class='ocrx_word' id='word_1_843' title='bbox 2485 5130 2692 5184; x_wconf 91' lang='lat' dir='ltr'><strong>illarum</strong></span> <span class='ocrx_word' id='word_1_844' title='bbox 2736 5144 2945 5198; x_wconf 88' lang='lat' dir='ltr'><strong>pomum</strong></span> <span class='ocrx_word' id='word_1_845' title='bbox 2988 5128 3171 5191; x_wconf 89' lang='lat' dir='ltr'><strong>edere,</strong></span> <span class='ocrx_word' id='word_1_846' title='bbox 3211 5136 3302 5181; x_wconf 87' lang='lat' dir='ltr'><strong>aut</strong></span> <span class='ocrx_word' id='word_1_847' title='bbox 3346 5141 3495 5189; x_wconf 88' lang='lat' dir='ltr'><strong>uvas,</strong></span> <span class='ocrx_word' id='word_1_848' title='bbox 3525 5134 3616 5179; x_wconf 90' lang='lat' dir='ltr'><strong>aut</strong></span> 
     </span>
    </p>
   </div>
   <div class='ocr_carea' id='block_1_112' title="bbox 2052 5219 3617 5290">
    <p class='ocr_par' dir='ltr' id='par_1_112' title="bbox 2052 5219 3617 5290">
     <span class='ocr_line' id='line_1_112' title="bbox 2052 5219 3617 5290; baseline -0.005 -14"><span class='ocrx_word' id='word_1_849' title='bbox 2052 5225 2202 5284; x_wconf 88' lang='lat' dir='ltr'><strong>ficus,</strong></span> <span class='ocrx_word' id='word_1_850' title='bbox 2231 5232 2321 5275; x_wconf 90' lang='lat' dir='ltr'><strong>aut</strong></span> <span class='ocrx_word' id='word_1_851' title='bbox 2365 5221 2559 5290; x_wconf 72' lang='lat' dir='ltr'><strong>aiiquid</strong></span> <span class='ocrx_word' id='word_1_852' title='bbox 2591 5219 2890 5288; x_wconf 87' lang='lat' dir='ltr'><strong>hujusmodi</strong></span> <span class='ocrx_word' id='word_1_853' title='bbox 2936 5219 3190 5273; x_wconf 84' lang='lat' dir='ltr'><strong>bonorum</strong></span> <span class='ocrx_word' id='word_1_854' title='bbox 3220 5259 3234 5283; x_wconf 95' lang='lat'><strong>,</strong></span> <span class='ocrx_word' id='word_1_855' title='bbox 3261 5233 3379 5288; x_wconf 68' lang='lat' dir='ltr'><strong>qua:</strong></span> <span class='ocrx_word' id='word_1_856' title='bbox 3404 5226 3617 5271; x_wconf 84' lang='lat' dir='ltr'><strong>terrena</strong></span> 
     </span>
    </p>
   </div>
   <div class='ocr_carea' id='block_1_113' title="bbox 2054 5309 3616 5380">
    <p class='ocr_par' dir='ltr' id='par_1_113' title="bbox 2054 5309 3616 5380">
     <span class='ocr_line' id='line_1_113' title="bbox 2054 5309 3616 5380; baseline -0.008 -10"><span class='ocrx_word' id='word_1_857' title='bbox 2054 5324 2340 5370; x_wconf 83' lang='lat' dir='ltr'><strong>nascuntur</strong></span> <span class='ocrx_word' id='word_1_858' title='bbox 2368 5313 2630 5374; x_wconf 84' lang='lat' dir='ltr'><strong>ubertate,</strong></span> <span class='ocrx_word' id='word_1_859' title='bbox 2656 5311 2922 5380; x_wconf 86' lang='lat' dir='ltr'><strong>gustabat.</strong></span> <span class='ocrx_word' id='word_1_860' title='bbox 2950 5309 3199 5375; x_wconf 69' lang='lat' dir='ltr'><strong>Quaedam</strong></span> <span class='ocrx_word' id='word_1_861' title='bbox 3232 5317 3407 5362; x_wconf 85' lang='lat' dir='ltr'><strong>autem</strong></span> <span class='ocrx_word' id='word_1_862' title='bbox 3433 5322 3616 5362; x_wconf 85' lang='lat' dir='ltr'><strong>earum</strong></span> 
     </span>
    </p>
   </div>
   <div class='ocr_carea' id='block_1_114' title="bbox 2061 5400 3619 5472">
    <p class='ocr_par' dir='ltr' id='par_1_114' title="bbox 2061 5400 3619 5472">
     <span class='ocr_line' id='line_1_114' title="bbox 2061 5400 3619 5472; baseline -0.009 -9"><span class='ocrx_word' id='word_1_863' title='bbox 2061 5406 2441 5463; x_wconf 87' lang='lat' dir='ltr'><strong>abrenuntians</strong></span> <span class='ocrx_word' id='word_1_864' title='bbox 2484 5404 2702 5472; x_wconf 66' lang='lat' dir='ltr'><strong>saeculo,</strong></span> <span class='ocrx_word' id='word_1_865' title='bbox 2733 5417 2903 5472; x_wconf 89' lang='lat' dir='ltr'><strong>neque</strong></span> <span class='ocrx_word' id='word_1_866' title='bbox 2949 5403 3126 5456; x_wconf 90' lang='lat' dir='ltr'><strong>oleum</strong></span> <span class='ocrx_word' id='word_1_867' title='bbox 3172 5401 3333 5456; x_wconf 89' lang='lat' dir='ltr'><strong>edere</strong></span> <span class='ocrx_word' id='word_1_868' title='bbox 3373 5400 3619 5460; x_wconf 90' lang='lat' dir='ltr'><strong>volebat,</strong></span> 
     </span>
    </p>
   </div>
   <div class='ocr_carea' id='block_1_115' title="bbox 2063 5493 3623 5572">
    <p class='ocr_par' dir='ltr' id='par_1_115' title="bbox 2063 5493 3623 5572">
     <span class='ocr_line' id='line_1_115' title="bbox 2063 5493 3623 5572; baseline -0.006 -20"><span class='ocrx_word' id='word_1_869' title='bbox 2063 5499 2304 5572; x_wconf 70' lang='lat' dir='ltr'><strong>quaedam</strong></span> <span class='ocrx_word' id='word_1_870' title='bbox 2333 5512 2516 5553; x_wconf 89' lang='lat' dir='ltr'><strong>earum</strong></span> <span class='ocrx_word' id='word_1_871' title='bbox 2554 5512 2584 5550; x_wconf 89' lang='lat' dir='ltr'><strong>a</strong></span> <span class='ocrx_word' id='word_1_872' title='bbox 2615 5509 2833 5565; x_wconf 88' lang='lat' dir='ltr'><strong>vespera</strong></span> <span class='ocrx_word' id='word_1_873' title='bbox 2864 5509 3031 5564; x_wconf 87' lang='lat' dir='ltr'><strong>usque</strong></span> <span class='ocrx_word' id='word_1_874' title='bbox 3066 5493 3133 5548; x_wconf 89' lang='lat' dir='ltr'><strong>ad</strong></span> <span class='ocrx_word' id='word_1_875' title='bbox 3161 5493 3321 5548; x_wconf 85' lang='lat' dir='ltr'><strong>aliam</strong></span> <span class='ocrx_word' id='word_1_876' title='bbox 3349 5504 3623 5560; x_wconf 64' lang='lat' dir='ltr'><strong>vesperam</strong></span> 
     </span>
    </p>
   </div>
   <div class='ocr_carea' id='block_1_116' title="bbox 2058 5581 3635 5662">
    <p class='ocr_par' dir='ltr' id='par_1_116' title="bbox 2058 5581 3635 5662">
     <span class='ocr_line' id='line_1_116' title="bbox 2058 5581 3635 5662; baseline -0.013 -14"><span class='ocrx_word' id='word_1_877' title='bbox 2058 5592 2320 5662; x_wconf 80' lang='lat' dir='ltr'><strong>jejunium</strong></span> <span class='ocrx_word' id='word_1_878' title='bbox 2346 5589 2720 5660; x_wconf 88' lang='lat' dir='ltr'><strong>protrahebat;</strong></span> <span class='ocrx_word' id='word_1_879' title='bbox 2747 5587 2867 5642; x_wconf 71' lang='lat' dir='ltr'><strong>alia:</strong></span> <span class='ocrx_word' id='word_1_880' title='bbox 2901 5603 3027 5642; x_wconf 89' lang='lat' dir='ltr'><strong>vero</strong></span> <span class='ocrx_word' id='word_1_881' title='bbox 3073 5596 3192 5655; x_wconf 89' lang='lat' dir='ltr'><strong>post</strong></span> <span class='ocrx_word' id='word_1_882' title='bbox 3243 5584 3456 5640; x_wconf 89' lang='lat' dir='ltr'><strong>biduum</strong></span> <span class='ocrx_word' id='word_1_883' title='bbox 3486 5581 3635 5634; x_wconf 27' lang='lat' dir='ltr'><strong>edes.</strong></span> 
     </span>
    </p>
   </div>
   <div class='ocr_carea' id='block_1_117' title="bbox 2064 5671 3628 5754">
    <p class='ocr_par' dir='ltr' id='par_1_117' title="bbox 2064 5671 3628 5754">
     <span class='ocr_line' id='line_1_117' title="bbox 2064 5671 3628 5754; baseline -0.01 -15"><span class='ocrx_word' id='word_1_884' title='bbox 2064 5687 2212 5754; x_wconf 87' lang='lat' dir='ltr'><strong>bant,</strong></span> <span class='ocrx_word' id='word_1_885' title='bbox 2243 5685 2360 5739; x_wconf 76' lang='lat' dir='ltr'><strong>aliae</strong></span> <span class='ocrx_word' id='word_1_886' title='bbox 2402 5698 2529 5739; x_wconf 89' lang='lat' dir='ltr'><strong>vero</strong></span> <span class='ocrx_word' id='word_1_887' title='bbox 2573 5691 2695 5752; x_wconf 86' lang='lat' dir='ltr'><strong>post</strong></span> <span class='ocrx_word' id='word_1_888' title='bbox 2737 5681 2990 5736; x_wconf 86' lang='lat' dir='ltr'><strong>triduum.</strong></span> <span class='ocrx_word' id='word_1_889' title='bbox 3039 5679 3191 5734; x_wconf 84' lang='lat' dir='ltr'><strong>Nulla</strong></span> <span class='ocrx_word' id='word_1_890' title='bbox 3236 5692 3418 5732; x_wconf 83' lang='lat' dir='ltr'><strong>earum</strong></span> <span class='ocrx_word' id='word_1_891' title='bbox 3465 5671 3628 5744; x_wconf 77' lang='lat' dir='ltr'><strong>pedes</strong></span> 
     </span>
    </p>
   </div>
   <div class='ocr_carea' id='block_1_118' title="bbox 2067 5762 3629 5852">
    <p class='ocr_par' dir='ltr' id='par_1_118' title="bbox 2067 5762 3629 5852">
     <span class='ocr_line' id='line_1_118' title="bbox 2067 5762 3629 5852; baseline -0.007 -20"><span class='ocrx_word' id='word_1_892' title='bbox 2067 5791 2194 5833; x_wconf 84' lang='lat' dir='ltr'><strong>suos</strong></span> <span class='ocrx_word' id='word_1_893' title='bbox 2230 5776 2514 5852; x_wconf 51' lang='lat' dir='ltr'><strong>abluebat;</strong></span> <span class='ocrx_word' id='word_1_894' title='bbox 2540 5774 2824 5844; x_wconf 70' lang='lat' dir='ltr'><strong>aliquanta:</strong></span> <span class='ocrx_word' id='word_1_895' title='bbox 2852 5787 2978 5828; x_wconf 89' lang='lat' dir='ltr'><strong>vero</strong></span> <span class='ocrx_word' id='word_1_896' title='bbox 3017 5769 3293 5826; x_wconf 82' lang='lat' dir='ltr'><strong>audientes</strong></span> <span class='ocrx_word' id='word_1_897' title='bbox 3331 5766 3397 5818; x_wconf 88' lang='lat' dir='ltr'><strong>de</strong></span> <span class='ocrx_word' id='word_1_898' title='bbox 3443 5762 3629 5823; x_wconf 55' lang='lat' dir='ltr'><strong>huius»</strong></span> 
     </span>
    </p>
   </div>
  </div>
