4020 6270
434 377 536 435 627

1463 380 1549 435 DE
1590 380 1763 437 VITIS
1801 377 2076 435 PATliUM
2116 378 2315 432 LIBER
2353 378 2627 436 PRIMUS.

3553 376 3661 434 6%

432 496 574 567 loqui
592 538 610 566 ,
635 494 938 565 irridentes,
967 495 1330 553 confusionem
1353 504 1405 552 et
1438 511 1680 573 magnam
1704 494 1981 551 abomina-
2010 492 2064 551 A
2086 489 2299 545 domum
2323 498 2486 555 tuam,
2518 508 2621 546 non
2651 498 2800 561 potes
2834 493 2921 548 hic
2950 505 3184 548 manere.
3209 491 3319 547 Non
3347 490 3488 546 enim
3508 492 3664 562 quis-

432 590 628 644 tionem
673 602 732 643 se
770 585 959 644 audire
993 588 1323 659 judicabant,
1368 605 1485 660 qua:
1532 605 1705 661 neque
1752 589 1984 645 auditum

428 696 583 736 suum
606 681 705 735 hoc
719 678 903 734 audire
928 681 1275 748 patiebamur.
1299 680 1638 752 Unaquaeque
1657 697 1783 737 vero
1804 697 1984 737 earum

434 781 659 826 stratum
704 770 757 825 in
795 779 936 824 terra
979 768 1222 834 habebat,
1247 770 1473 825 cilicium
1516 772 1790 841 parvulum
1830 772 1986 825 unius

428 862 590 917 cubiti
618 860 929 927 latitudinis,
954 869 1008 915 et
1054 860 1394 930 longitudinis
1427 863 1608 927 trium,
1631 872 1685 918 et
1720 864 1983 931 paululum

430 956 486 1010 iu
512 955 637 1024 ipsis
672 953 1059 1025 requiescebat.
1100 954 1263 1008 Erant
1298 964 1471 1008 autem
1506 964 1560 1009 et
1604 964 1779 1009 vestes
1802 969 1982 1008 earum

427 1047 494 1102 de
515 1047 689 1101 cilicio
726 1060 894 1116 usque
931 1046 1202 1110 deorsum,
1227 1046 1619 1116 obstringentes
1652 1046 1843 1116 pedum
1883 1062 1978 1101 ex-

428 1140 738 1195 tremitates.
769 1141 1261 1210 Quantumcumque
1289 1150 1517 1210 poterat,
1548 1155 1879 1210 unaquaque
1908 1141 1986 1194 la-

422 1232 663 1286 borabat.
696 1232 759 1286 Et
787 1245 905 1285 cum
935 1230 1164 1300 aliquam
1215 1246 1397 1286 earum
1436 1232 1719 1302 aliquando
1746 1233 1982 1303 contige-

420 1328 505 1375 rat
533 1319 818 1389 inﬁrmari,
849 1335 954 1376 non
1001 1322 1049 1377 ei
1081 1320 1374 1377 fomentum
1414 1333 1505 1377 aut
1540 1324 1855 1393 adjutorium
1886 1325 1984 1378 ali-

419 1411 561 1482 quod
584 1412 863 1469 medicinm
886 1412 1285 1480 conferebatur;
1313 1414 1405 1468 sed
1427 1416 1472 1469 si
1492 1430 1646 1480 quam
1667 1416 1980 1485 contigisset

421 1504 664 1572 agrotari
687 1545 702 1572 ,
755 1511 1004 1574 tanquam
1036 1504 1317 1559 maximam
1349 1507 1769 1562 benedictionem
1809 1523 1837 1560 a
1870 1508 1979 1560 Deo

418 1593 731 1663 accipiebat,
756 1602 811 1648 et
839 1595 1100 1650 tolerabat
1129 1596 1453 1665 languorem,
1477 1598 1645 1654 donec
1664 1615 1779 1653 eam
1811 1602 1979 1654 medi-

415 1684 531 1739 cina
556 1685 819 1739 dominica
848 1688 1180 1756 praeveniret.
1200 1688 1349 1742 Nulla
1372 1706 1549 1745 earum
1567 1691 1753 1761 januas
1779 1694 1972 1747 exibat.

416 1774 545 1827 Erat
582 1781 757 1829 autem
784 1774 1036 1843 janitrix,
1076 1792 1171 1845 per
1197 1793 1352 1848 quam
1384 1794 1635 1841 I‘BSDOIIHI
1668 1783 1844 1834 omnia
1883 1783 1977 1835 tie-

420 1867 567 1931 hant,
601 1876 803 1920 matura
829 1885 843 1933 ;
876 1868 1161 1938 multasque
1198 1872 1451 1924 sanitates
1478 1870 1547 1924 ibi
1578 1872 1789 1926 fiebant.

484 1956 610 2011 Car.
662 1957 766 2011 VII.
802 1987 872 1997 —-
910 1958 1110 2013 Harum
1156 1961 1367 2026 quidem
1418 1963 1713 2030 Enphraxia
1753 1965 1972 2033 dil7gens

412 2049 690 2102 consilium
737 2059 1037 2104 sanctarum
1080 2051 1395 2115 mulierum,
1426 2065 1639 2120 promer
1676 2055 1969 2109 mirabilem

413 2141 869 2195 conversationem
901 2158 1105 2209 earum,
1151 2147 1344 2213 smpius
1372 2146 1436 2199 ad
1467 2147 1624 2218 353
1656 2148 1826 2215 ipsum
1859 2166 1971 2204 mo-

408 2234 693 2287 nasterium
728 2234 1007 2304 pergebat,
1036 2239 1426 2307 thymiamaque
1466 2239 1573 2294 illic
1612 2241 1868 2297 oﬂ‘erebat
1917 2253 1972 2298 et

404 2339 606 2379 cereos.
640 2324 750 2380 Una
790 2327 1003 2395 quidem
1048 2328 1252 2382 dierum
1290 2331 1511 2400 rogabat
1541 2333 1863 2388 abbatissam
1911 2345 1969 2389 et

412 2417 611 2485 priores
649 2420 990 2484 monasterii,
1035 2421 1217 2476 dicens
1244 2424 1321 2477 eis
1348 2442 1361 2477 :
1386 2424 1606 2480 Parvam
1640 2428 1966 2483 benedictio-

403 2521 527 2561 nem
563 2508 681 2561 volo
707 2508 906 2577 absque
938 2519 1140 2565 terrore
1169 2523 1348 2566 vestro
1377 2516 1633 2583 praebere,
1667 2519 1965 2574 reddituum

407 2596 521 2650 auri
549 2598 735 2665 viginti
780 2611 873 2653 aut
903 2600 1116 2669 triginta
1149 2603 1431 2668 librarum.
1463 2616 1520 2660 ut
1547 2609 1711 2663 oretis
1744 2625 1837 2677 pro
1867 2612 1963 2665 ista

401 2686 601 2743 famula
625 2701 821 2756 vestra,
848 2699 902 2746 et
928 2708 1022 2759 pro
1048 2695 1311 2765 Antigono
1341 2705 1487 2764 patre
1515 2699 1649 2769 ejus.
1676 2701 1773 2755 Cui
1803 2703 1966 2757 abba-

401 2783 532 2835 tissa
558 2782 828 2850 reSpondit
856 2800 867 2834 :
894 2783 1113 2839 Domina
1158 2802 1276 2842 mea
1304 2799 1543 2844 matrona
1572 2831 1589 2857 ,
1621 2793 1826 2848 ancilla:
1860 2805 1961 2849 tute

400 2886 509 2928 non
540 2885 696 2943 egent
716 2875 1028 2945 redditibus,
1056 2894 1226 2950 neque
1256 2883 1530 2951 pecuniam
1554 2886 1956 2955 concupiscunt.

399 2964 686 3034 Propterea
748 2984 975 3039 namque
1037 2972 1215 3026 omnia
1264 2975 1623 3044 reliquerunt,
1677 2988 1730 3032 et
1769 2993 1958 3036 cuncta

399 3060 698 3130 despiciunt
727 3062 779 3117 in
811 3063 910 3119 hoc
941 3068 1168 3130 szeculo,
1206 3076 1261 3121 ut
1289 3071 1501 3124 aaternis
1530 3073 1680 3127 bouis
1718 3075 1817 3129 frui
1850 3093 1961 3132 me-

396 3162 632 3233 reantur,
663 3164 717 3209 et
743 3154 874 3209 nihil
904 3157 1176 3220 possidere
1206 3159 1421 3227 volunt,
1458 3178 1525 3216 ne
1555 3165 1760 3218 caelesti
1794 3181 1957 3237 regno

2091 595 2250 648 quam
2280 597 2493 636 manere
2539 591 2712 651 potest
2754 583 2858 648 hic,
2889 582 2991 637 nisi
3020 598 3078 638 se
3115 583 3396 638 devoverit
3422 581 3655 638 Christo.

2090 671 2186 726 Cui
2210 672 2384 742 puella
2408 674 2716 739 respondit:
2742 673 2837 729 Ubi
2859 686 2939 729 est
2960 673 3237 728 Christus?
3268 673 3359 727 Illa
3386 682 3655 742 gratanter

2090 765 2136 817 ei
2164 765 2479 818 dominicam
2504 765 2782 833 imaginem
2805 765 3201 820 demonstravit.
3228 764 3461 834 Pergens
3479 774 3650 819 autem

2090 857 2408 925 Eupliraxia,
2438 859 2668 912 osculata
2700 868 2781 915 est
2808 859 3125 913 dominicam
3161 860 3411 928 ﬁguram;
3444 870 3499 913 et
3522 874 3649 912 con—

2088 963 2262 1012 versa,
2296 950 2425 1003 dixit
2454 950 2735 1003 abbatissae
2762 969 2773 1001 :
2801 948 2938 1004 Vere
2965 960 3018 1003 et
3055 964 3154 1018 ego
3184 965 3268 1005 me
3294 964 3468 1003 Voveo
3498 948 3653 1003 Chri-

2087 1049 2171 1095 sto
2191 1055 2328 1103 meo,
2347 1050 2400 1094 et
2421 1041 2640 1094 ulterius
2662 1056 2779 1094 cum
2802 1040 3013 1094 domina
3036 1055 3150 1094 mea
3174 1049 3344 1094 matre
3366 1056 3470 1093 non
3493 1038 3647 1094 vado.

2087 1133 2228 1187 Dixit
2253 1132 2301 1187 ei
2331 1132 2592 1186 abbatissa
2620 1148 2635 1187 :
2662 1131 2813 1197 Filia,
2848 1147 2951 1185 non
2984 1131 3147 1186 habes
3177 1131 3263 1184 ubi
3293 1130 3379 1185 hic
3410 1146 3643 1197 maneas,

2085 1235 2139 1279 et
2166 1240 2266 1279 non
2297 1233 2445 1294 potes
2473 1225 2554 1279 hic
2586 1240 2821 1280 manere.
2870 1223 3051 1279 Puella
3096 1222 3228 1278 dixit
3255 1221 3390 1277 :Ubi
3417 1238 3509 1279 vos
3534 1239 3645 1277 ma-

2084 1320 2241 1385 netis,
2270 1325 2323 1374 et
2357 1333 2456 1389 ego
2498 1334 2706 1373 maneo.
2753 1318 2817 1372 Et
2856 1331 2976 1372 cum
3012 1317 3120 1386 jam
3161 1330 3384 1384 vespera
3415 1324 3570 1381 esset,
3591 1324 3645 1370 et

2085 1413 2305 1466 multum
2336 1423 2503 1468 mater
2530 1413 2644 1482 ejus
2673 1412 2933 1480 coegisset
2977 1420 3132 1481 atque
3159 1409 3426 1464 abbatissa
3455 1418 3509 1462 ut
3537 1423 3644 1461 am-

2082 1504 2310 1568 bularet,
2339 1518 2665 1571 nequaquam
2694 1509 2977 1571 potuerunt
3004 1515 3120 1553 eam
3153 1499 3342 1553 tollere
3368 1499 3435 1552 de
3463 1513 3644 1551 mona-

2080 1596 2264 1648 sterio.
2298 1594 2514 1648 Multum
2548 1610 2671 1660 ergo
2699 1593 2902 1648 crebris
2928 1592 3115 1646 diebus
3154 1602 3323 1646 mater
3345 1591 3459 1659 ejus
3483 1600 3646 1659 atque

2080 1687 2341 1740 abbatissa
2374 1687 2421 1740 ei
2456 1686 2878 1752 blandiebantur,
2910 1692 2964 1737 et
2988 1684 3303 1751 persuadere
3328 1684 3648 1751 nequierttnt

2082 1786 2139 1831 ut
2158 1779 2222 1831 de
2246 1778 2563 1830 monasterio
2593 1778 2884 1845 potuissent
2902 1790 3017 1830 eam
3040 1775 3322 1844 expellere.
3345 1773 3643 1830 Novissime

2004 1858 2049 1916 B
2078 1883 2203 1921 vero
2233 1868 2363 1920 dixit
2403 1867 2666 1920 abbatissa
2704 1866 2888 1936 puella)
2917 1883 2931 1919 :
2956 1865 3113 1930 Filia,
3141 1866 3181 1919 si
3214 1865 3288 1920 vis
3319 1866 3399 1918 hic
3429 1879 3635 1931 perma-

2078 1975 2225 2023 nere,
2271 1960 2472 2013 litteras
2504 1959 2665 2013 babes
2710 1960 2915 2013 diseere
2944 1969 2998 2013 et
3028 1959 3349 2018 Psalterium.
3384 1966 3435 2013 et
3462 1972 3633 2027 usque

2074 2052 2138 2105 ad
2170 2066 2445 2122 vesperam
2481 2050 2641 2105 habes
2680 2051 2939 2120 jejunium
2974 2051 3188 2115 ducere,
3215 2052 3345 2104 sicut
3374 2049 3637 2103 universae

2074 2159 2304 2199 sorores.
2360 2144 2534 2198 Puella
2566 2145 2695 2197 dixit
2723 2145 2770 2198 ei
2797 2160 2811 2197 :
2841 2145 2949 2213 Ego
2979 2152 3032 2198 et
3056 2142 3316 2213 jejunium
3336 2183 3352 2207 ,
3378 2151 3431 2195 et
3458 2139 3641 2195 omnia

2072 2238 2241 2302 disco,
2272 2235 2606 2288 solummodo
2634 2235 2884 2289 dimittite
2912 2249 2996 2289 me
3025 2233 3112 2289 hic
3157 2248 3296 2289 esse.
3346 2230 3487 2285 Dixit
3514 2244 3643 2299 ergo

2071 2328 2334 2383 abbatissa
2367 2326 2518 2379 matri
2566 2326 2680 2394 ejus
2705 2343 2717 2380 :
2744 2326 2961 2380 Domina
2994 2341 3108 2380 mea
3147 2334 3407 2388 matrona,
3438 2322 3643 2377 dimitte

2072 2419 2207 2474 hanc
2241 2419 2461 2487 puellam
2490 2418 2602 2483 hic;
2635 2419 2793 2472 video
2824 2420 2961 2471 enim
2993 2419 3112 2486 quia
3143 2418 3307 2488 gratia
3343 2416 3435 2470 Dei
3471 2413 3643 2468 illuxit

2070 2508 2123 2563 in
2154 2525 2245 2573 ea;
2272 2520 2322 2563 et
2348 2508 2551 2578 justitia
2580 2508 2763 2576 patris,
2789 2517 2840 2560 et
2867 2507 3115 2563 honestas
3149 2519 3255 2573 tua,
3286 2514 3340 2559 et
3368 2504 3641 2558 orationes

2071 2611 2414 2670 utrorumque
2456 2612 2689 2655 vestrum
2742 2612 2993 2657 aeternam
3054 2601 3215 2654 vitam
3270 2597 3550 2670 providere
3588 2597 3639 2654 ei

2069 2706 2376 2749 DOSCIIIIIlIl‘.

2136 2785 2261 2838 CAP.
2281 2785 2450 2840 IX.—
2470 2784 2704 2854 Surgens
2734 2783 2894 2855 igitur
2924 2782 3244 2851 Euphraxia,
3272 2792 3327 2838 et
3351 2796 3636 2837 assumens

2066 2876 2227 2930 ﬁliam
2256 2891 2425 2944 suam,
2457 2877 2519 2929 ad
2564 2875 2882 2929 dominicam
2912 2891 3026 2930 eam
3055 2874 3337 2945 imaginem
3367 2872 3591 2927 adduxit
3616 2890 3632 2938 ;

2063 2980 2116 3024 et
2143 2970 2432 3025 extendens
2462 2985 2649 3024 manus
2676 2969 2741 3023 ad
2771 2970 2963 3024 caelum
2986 3010 3000 3032 ,
3029 2984 3149 3023 cum
3183 2982 3371 3034 magno
3398 2968 3634 3021 clamore

2062 3071 2111 3117 et
2140 3061 2265 3115 ﬂetu
2295 3062 2559 3126 clamavit,
2590 3062 2804 3115 dicens:
2835 3061 3054 3115 Domine
3077 3060 3203 3114 Jesu
3235 3058 3467 3123 Christe,
3493 3056 3633 3111 habe

2062 3170 2242 3209 curam
2279 3155 2429 3207 istius
2474 3154 2769 3217 inlantulm,
2796 3153 2915 3217 quia
2948 3161 3000 3205 te
3026 3150 3344 3219 concupivit,
3375 3158 3429 3201 et
3451 3148 3543 3201 tibi
3572 3162 3633 3201 se

395 3231 689 3313 priventur.
722 3248 825 3302 Sed
851 3264 917 3303 ne
948 3258 997 3302 te
1024 3251 1360 3315 contristent,
1389 3264 1482 3307 aut
1510 3255 1626 3309 sine
1660 3256 1831 3311 fructu
1855 3231 1955 3311 Wdi-

2062 3246 2468 3302 commendavit.
2519 3247 2585 3300 Et
2630 3260 2907 3310 conversa,
2937 3244 3073 3299 dixit
3118 3244 3181 3298 ad
3229 3244 3385 3297 ﬁliam
3427 3256 3577 3295 suam
3613 3258 3628 3295 :

396 3339 627 3403 mittam,
661 3354 883 3409 paucum
912 3345 1087 3397 oleum
1135 3345 1200 3399 ad
1229 3346 1477 3401 candelas
1507 3359 1560 3403 et
1589 3351 1871 3421 thymiama
1902 3353 1954 3405 in

396 3430 683 3485 oratorium
735 3434 942 3497 confer,
991 3445 1044 3488 et
1090 3435 1189 3491 hoc
1232 3438 1333 3489 erit
1377 3439 1528 3493 nobis
1575 3457 1668 3509 pro
1709 3445 1955 3499 mercede

394 3523 636 3591 iustitiae.
676 3522 745 3578 Et
782 3525 863 3579 his
891 3526 1119 3594 oblatis,
1146 3528 1364 3598 rogabat
1394 3531 1689 3599 Euphraxia
1724 3533 1955 3587 abbatis-

395 3627 529 3677 sam,
564 3622 618 3667 ut
651 3628 837 3670 omnes
872 3632 1082 3672 sorores
1110 3629 1324 3675 orarent
1358 3635 1450 3690 pro
1478 3623 1737 3691 Antigono
1766 3633 1821 3679 et
1849 3625 1952 3680 ﬁlia

394 3707 508 3778 ejus
541 3708 863 3777 Euphraxia.

460 3800 584 3856 CAP.
622 3800 752 3859 VIII.
776 3835 845 3844 —
875 3803 983 3860 Una
1015 3821 1139 3861 vero
1177 3807 1378 3862 dierum
1424 3809 1735 3878 Euphraxize
1766 3812 1952 3868 infanti

391 3890 654 3947 abbatissa
698 3895 849 3956 dixit.
893 3899 1427 3955 tentandozDomina
1466 3919 1580 3957 mea
1630 3905 1950 3973 Eupliraxia,

392 3984 570 4053 diligis
602 3988 975 4042 monasterium
1020 4002 1254 4044 nostrum
1284 4003 1337 4046 et
1371 4010 1556 4051 omnes
1584 4000 1827 4051 sorores?
1860 3999 1949 4053 Illa

393 4077 699 4146 respondit:
728 4080 918 4147 Etiam,
949 4083 1181 4149 domina,
1213 4083 1373 4156 diligo
1400 4104 1513 4142 vos.
1549 4089 1688 4143 Dixit
1716 4092 1763 4143 ei
1789 4092 1950 4145 abba-

392 4168 518 4220 tissa
548 4185 754 4223 rursum
773 4188 890 4227 cum
920 4174 1040 4240 joco
1065 4192 1076 4226 :
1101 4177 1152 4228 Si
1182 4192 1281 4231 nos
1310 4178 1505 4247 diligis,
1535 4191 1647 4234 esto
1671 4184 1944 4239 nobiscum

391 4256 443 4310 iit
476 4266 658 4311 nostro
682 4260 969 4316 schemate.
1001 4265 1096 4317 Cui
1129 4264 1383 4321 infantula
1410 4271 1575 4325 dixit:
1604 4271 1739 4326 Vero
1766 4275 1809 4327 si
1841 4290 1943 4327 non

389 4350 788 4406 contristaretur
825 4366 991 4409 mater
1036 4371 1151 4410 mea
1176 4397 1191 4421 ,
1225 4360 1443 4413 ulterius
1469 4377 1574 4415 non
1603 4366 1841 4433 egrediar
1879 4366 1946 4422 de

388 4439 509 4495 loco
537 4442 656 4495 isto.
698 4444 791 4498 Cui
822 4446 1085 4501 abbatissa
1133 4450 1295 4504 dixit:
1325 4452 1461 4506 Inter
1488 4469 1582 4507 nos
1611 4464 1663 4509 et
1692 4470 1941 4524 sponsum

387 4546 544 4600 qni-nt
584 4534 698 4601 plus
751 4537 930 4589 amas?
971 4537 1148 4593 Puella
1185 4540 1353 4595 dixit:
1381 4543 1561 4612 Neque
1609 4546 1753 4601 illum
1796 4549 1938 4610 novi,

2059 3341 2380 3410 Eupltraxia,
2414 3339 2518 3393 ﬁlia
2550 3354 2700 3404 mea,
2733 3338 2871 3393 Deus
2914 3335 3005 3406 qui
3051 3335 3286 3389 fundavit
3332 3332 3630 3388 immobiles

2058 3445 2285 3500 montes,
2313 3446 2367 3490 et
2400 3443 2452 3489 te
2480 3448 2689 3504 quoque
2734 3434 2806 3509 in,
2838 3436 2935 3485 suo
2986 3431 3175 3485 timore
3220 3429 3515 3483 conllrmet.
3562 3424 3629 3478 Et

2057 3542 2176 3583 cum
2219 3528 2333 3582 hac
2357 3527 2618 3595 dixisset,
2646 3526 2698 3581 in
2730 3524 2973 3579 manibus
3003 3538 3120 3579 eam
3154 3521 3368 3576 tradidit
3395 3520 3629 3574 abbatis-

2057 3634 2160 3685 διες
2192 3629 2244 3673 et
2272 3620 2495 3684 deﬂens,
2525 3626 2813 3688 pectusque
2839 3632 2993 3670 suum
3022 3614 3274 3681 tundens,
3304 3614 3375 3667 ita
3405 3611 3628 3666 recessit

2056 3728 2084 3766 a
2118 3712 2437 3766 monasterio
2459 3750 2476 3770 .
2509 3719 2567 3765 ut
2612 3709 2784 3764 omnis
2830 3708 3168 3779 congregatio
3195 3714 3311 3760 cum
3342 3717 3407 3760 ea
3450 3703 3626 3773 plora-

2054 3815 2155 3862 τρι.

2123 3898 2251 3951 CAP.
2285 3895 2448 3951 X.—
2476 3893 2590 3949 Alia
2636 3907 2764 3948 vero
2812 3891 2897 3947 die
2942 3891 3205 3945 abbatissa
3254 3902 3470 3944 sumens
3516 3884 3618 3941 Eu-

2055 3989 2355 4056 phraxiam,
2386 3986 2679 4041 introduxit
2727 4001 2841 4040 eam
2897 3986 2946 4038 in
2988 3985 3354 4047 secretarium,
3386 3991 3438 4037 et
3484 3980 3619 4033 facta

2052 4081 2294 4135 oratione
2336 4094 2496 4145 super
2548 4094 2697 4142 eam,
2732 4077 2901 4131 induit
2943 4091 3057 4130 eam
3103 4075 3409 4129 indumento
3439 4062 3623 4126 mona-

2052 4173 2220 4237 chali;
2251 4182 2300 4225 et
2328 4170 2617 4225 extendens
2649 4184 2833 4222 manus
2860 4168 2924 4221 ad
2951 4170 3164 4230 malum,
3202 4181 3298 4235 pro
3325 4182 3384 4220 ea
3418 4164 3619 4235 suppli-

2049 4265 2209 4328 cavit,
2236 4264 2416 4318 dicens
2441 4280 2455 4317 :
2484 4263 2589 4314 Ilex
2614 4260 2948 4322 saeculorum,
2969 4261 3058 4327 qui
3089 4259 3140 4313 in
3168 4275 3227 4313 ea
3253 4258 3456 4325 cmpisti
3484 4270 3619 4324 opus

2051 4357 2270 4421 bonum,
2298 4365 2350 4409 tu
2378 4353 2567 4424 perﬁce
2600 4352 2701 4406 hoc
2725 4352 2775 4405 in
2802 4367 2958 4419 pace;
2990 4351 3053 4403 da
3082 4359 3139 4403 ut
3165 4349 3396 4402 ambulet
3418 4362 3614 4401 secun-

2049 4448 2173 4501 dum
2199 4462 2397 4501 nomen
2424 4455 2591 4508 tuum,
2619 4454 2670 4498 et
2717 4443 2958 4495 ﬁduciam
2989 4442 3219 4494 inveniat
3247 4439 3296 4492 in
3326 4444 3609 4503 conspectu

2050 4551 2140 4593 tuo
2167 4555 2378 4608 semper
2406 4538 2507 4591 iata
2535 4535 2810 4589 infantula.
2842 4534 2990 4587 'I‘unc
3017 4544 3070 4586 et
3100 4529 3395 4600 Euphraxia
3438 4533 3609 4580 mater

385 4638 553 4692 neque
596 4626 681 4679 ille
724 4642 841 4694 me;
873 4643 965 4682 vos
1005 4640 1178 4685 autem
1209 4633 1333 4686 novi
1362 4677 1376 4703 ,
1408 4647 1463 4689 et
1487 4651 1580 4689 vos
1605 4652 1745 4691 amo.
1778 4638 1940 4695 Dicite
1970 4612 2019 4672 D
2047 4636 2159 4703 ejus
2187 4647 2364 4696 orans,
2393 4630 2527 4684 dixit
2552 4647 2563 4683 :
2592 4627 2720 4681 Filia
2754 4642 2893 4691 mea,
2921 4639 3066 4678 amas
3094 4623 3194 4678 hoc
3221 4620 3487 4676 schemate
3515 4631 3609 4671 ve-

384 4718 512 4772 milii
540 4736 552 4772 :
582 4718 685 4773 Vos
716 4732 889 4776 autem
919 4739 1075 4792 quem
1106 4725 1349 4794 diligitis,
1379 4744 1463 4782 me
1502 4745 1567 4783 an
1612 4731 1794 4786 illum?
1836 4733 1943 4788 Illae

382 4827 511 4868 vero
559 4814 977 4871 dixeruntzNos
1025 4828 1075 4871 te
1123 4820 1406 4891 diligimus,
1439 4834 1491 4877 et
1534 4824 1799 4879 Christum
1845 4842 1942 4879 nu-

379 4914 569 4960 strnm.
604 4907 780 4962 Puella
800 4924 925 4963 vero
948 4912 1218 4980 respondit
1243 4930 1255 4964 :
1286 4914 1393 4981 Ego
1417 4931 1540 4968 vero
1563 4927 1616 4969 et
1638 4933 1730 4970 vos
1753 4918 1936 4985 diligo,

377 5008 430 5051 et
454 5000 716 5053 Christum
747 5014 1002 5057 vestrum.
1030 5004 1257 5059 Sedehat
1287 5023 1412 5060 vero
1439 5009 1737 5076 Enpliraxia
1770 5019 1941 5065 mater

375 5085 513 5155 ejus,
545 5100 597 5143 et
624 5090 893 5147 ﬂuminum
920 5095 1269 5166 laerymarnm
1300 5097 1415 5167 ejus
1454 5116 1556 5152 non
1584 5112 1697 5153 erat
1728 5103 1934 5156 modus.

375 5179 627 5235 Libenter
653 5185 792 5237 enim
820 5188 1067 5241 audiebat
1094 5190 1251 5243 verba
1286 5192 1471 5257 puellae
1498 5192 1783 5257 abbatissa,
1814 5195 1936 5263 quia

376 5287 494 5326 cum
519 5284 659 5328 esset
687 5285 841 5329 :etate
867 5277 1145 5344 infantula,
1179 5282 1299 5335 talia
1331 5282 1662 5352 loquebatur.
1693 5286 1935 5341 Nondum

376 5366 517 5419 enim
548 5374 753 5435 septem
783 5383 951 5423 annos
981 5371 1325 5442 impleverat,
1350 5377 1472 5430 dum
1512 5393 1630 5432 cum
1672 5379 1936 5435 abbatissa

378 5458 681 5526 loqueretur
728 5459 1091 5531 hujuscemodi
1137 5472 1319 5523 verba.
1382 5469 1530 5525 Tunc
1584 5472 1935 5542 ingemiscens

374 5559 569 5616 n.ater,
601 5559 656 5607 et
680 5567 859 5609 amare
883 5555 1113 5623 deﬂens,
1142 5560 1205 5612 ad
1249 5562 1403 5615 tiliam
1429 5579 1579 5618 suam
1612 5565 1740 5619 dixit
1766 5582 1779 5620 :
1806 5566 1934 5620 Filia

375 5660 518 5711 mea,
551 5646 693 5712 veni,
725 5660 1004 5719 pergamus
1031 5651 1094 5703 ad
1123 5650 1365 5717 domoin,
1398 5654 1518 5723 quia
1557 5654 1666 5724 jam
1714 5673 1935 5727 vespera

378 5747 477 5793 est.
510 5740 603 5794 Cui
634 5741 806 5811 pttella
849 5741 981 5797 dixit
1009 5760 1020 5796 :
1048 5744 1154 5812 Ego
1198 5743 1281 5797 hic
1324 5761 1512 5801 maneo
1558 5764 1673 5800 cum
1725 5750 1936 5805 domina

372 5834 656 5905 abbatissa.
690 5836 825 5892 Dixit
854 5838 1119 5893 abbatissa
1165 5840 1391 5905 puellae:
1422 5839 1587 5905 \‘ade,
1621 5842 1851 5906 domina,
1886 5844 1936 5896 in

2046 4727 2193 4781 sﬁri?
2236 4723 2330 4780 Cui
2366 4723 2669 4792 Euphraxia
2699 4719 2867 4773 dixit:
2897 4717 3108 4787 Utique,
3139 4724 3302 4770 mater
3329 4726 3465 4777 mea,
3489 4711 3613 4780 quia

2045 4825 2183 4877 sicut
2208 4819 2396 4889 agnovi
2437 4818 2503 4870 ab
2532 4816 2817 4878 abbatissa,
2849 4820 2904 4866 et
2932 4811 3161 4866 dominze
3207 4822 3419 4864 sorores
3462 4804 3614 4860 dixe-

2045 4923 2190 4979 runt,
2238 4912 2337 4965 hoc
2378 4911 2591 4964 schema
2623 4924 2718 4977 pro
2749 4907 2919 4960 arrhis
2949 4905 3149 4974 praebet
3189 4900 3526 4973 diligentibus
3552 4913 3613 4953 se

2047 5008 2298 5060 Dominus
2346 5004 2499 5058 Jesus
2543 5001 2804 5056 Christus.
2851 4996 2945 5051 Cui
2998 5010 3170 5051 mater
3196 5010 3291 5049 sua
3321 4991 3603 5047 dixit:Cui

2044 5099 2361 5164 desponsata
2394 5111 2472 5161 es,
2498 5095 2609 5160 ipse
2639 5092 2795 5145 iaciat
2822 5101 2872 5143 te
2895 5089 3124 5141 thalamo
3149 5102 3245 5139 suo
3272 5085 3509 5152 dignam.
3543 5081 3606 5135 Et

2043 5192 2141 5244 hoc
2169 5190 2371 5251 dicens,
2395 5198 2450 5242 et
2477 5200 2634 5239 orans
2665 5200 2760 5251 pro
2790 5183 2892 5235 tilia
2917 5196 3032 5245 sua,
3052 5179 3297 5231 Valedixit
3325 5176 3606 5229 abbatissae

2040 5292 2096 5337 et
2123 5281 2415 5343 sororibus,
2444 5289 2497 5332 et
2526 5275 2758 5330 osculata
2783 5284 2865 5329 est
2892 5273 3049 5325 ﬁliam
3081 5284 3249 5323 suam.
3280 5267 3342 5321 Et
3366 5279 3603 5332 egress:t,

2034 5374 2179 5444 juxta
2212 5387 2411 5426 morem
2436 5371 2713 5435 circuibat,
2742 5366 2981 5437 pra-hens
3010 5358 3322 5430 pauperibus
3352 5353 3494 5427 quod
3525 5355 3603 5407 in-

2037 5470 2299 5539 digebant.

2106 5561 2232 5615 CAP.
2265 5560 2442 5613 XL—
2463 5557 2667 5626 Ubique
2687 5564 2861 5610 autem
2892 5549 3257 5620 divulgabatur
3286 5542 3600 5614 Euphraxia:

2039 5656 2234 5726 optima
2274 5651 2634 5714 conversatio,
2663 5656 2913 5718 quantum
2957 5644 3222 5699 conferret
3259 5636 3601 5694 monasteriis

2039 5760 2094 5804 et
2120 5746 2504 5803 venerabililius
2536 5745 2681 5808 locis,
2706 5741 2774 5795 ita
2803 5750 2859 5794 ut
2880 5740 3165 5807 imperator
3187 5731 3347 5806 354
3367 5729 3597 5791 audiret.

2042 5852 2092 5897 et
2120 5842 2292 5895 omnis
2331 5848 2543 5893 senatus
2574 5851 2688 5890 eam
2731 5833 2889 5887 nimis
2929 5838 3187 5893 amarent,
3216 5836 3371 5895 atque
3397 5819 3599 5892 gloriﬁ-
