4020 6248
285 337 387 394 629

1226 318 1381 372 VITA
1424 306 1709 369 ΞΛΜ]Τῶ
1750 300 2161 360 EUI’HRASl/E
2194 344 2209 369 ,
2258 301 2573 365 VIRGINIS.

3392 292 3499 373 630

282 455 469 509 carent
508 446 699 503 Deum.
730 440 1028 499 Audiebant
1052 434 1190 492 enim
1222 431 1359 502 quod
1392 444 1487 483 nec
1518 426 1713 496 piscem
1745 436 1837 490 gu-
1865 420 1912 477 Α
1942 417 2139 486 palatio
2186 433 2454 487 nunquam
2482 432 2511 469 a
2543 424 2593 471 te
2637 413 2988 467 dividebatur.
3026 413 3220 468 Horum
3259 427 3390 483 ergo
3414 428 3504 470 re.

230 503 249 565 δ
281 550 470 609 staret,
497 554 599 597 nec
622 538 801 593 vinum
832 534 1063 594 biberet;
1092 527 1184 582 sed
1230 533 1349 594 post
1385 528 1524 575 tanta
1555 518 1694 572 dona
1722 530 1839 584 quae

280 636 553 694 universis
597 629 903 689 conferebat
927 635 978 680 et
1006 624 1248 693 gloriam,
1280 633 1308 671 a
1336 628 1553 683 vespera
1584 625 1747 679 usque
1775 609 1840 663 ad

280 745 563 802 vesperam
590 727 845 796 jejunium
874 718 1130 781 faciebat,
1156 710 1435 781 aliquando
1462 719 1675 761 sumens
1700 703 1844 771 legu-

282 839 432 890 men,
463 818 743 890 aliquando
766 815 930 869 olera.

358 921 487 976 Car.
519 888 634 973 XII.
657 943 727 957 --
759 913 885 967 Post
915 922 1109 979 paucos
1139 914 1318 960 autem
1347 901 1461 957 dies
1496 905 1726 952 evocans
1752 888 1847 944 ab-

281 1014 484 1071 batissa
512 1020 732 1066 matrem
764 1005 969 1074 puellas,
993 1002 1123 1055 dixit
1143 1000 1190 1053 ei
1213 1005 1418 1052 secrete
1441 1010 1454 1047 :
1485 989 1725 1050 Domina,
1748 984 1848 1038 ali-

281 1120 443 1178 quam
489 1118 598 1157 rem
641 1100 769 1153 volo
800 1096 892 1151 tibi
922 1096 1123 1157 dcere,
1163 1106 1266 1144 non
1309 1096 1361 1141 te
1401 1080 1698 1138 conturbet.
1749 1074 1847 1129 Cui

285 1167 557 1266 respondit
580 1210 594 1247 :
619 1191 842 1246 Domina
873 1202 1009 1252 mea,
1039 1184 1177 1250 quod
1204 1180 1359 1250 jubes
1383 1177 1487 1230 dic.
1519 1170 1660 1226 Dixit
1680 1167 1849 1223 abba-

289 1264 415 1344 tissa
443 1305 457 1341 :
482 1286 598 1340 Vidi
648 1270 790 1338 enim
827 1281 877 1334 in
909 1276 1111 1331 somnis
1159 1270 1472 1339 Antigonum
1502 1264 1669 1316 virum
1701 1267 1847 1311 tuum

287 1382 343 1436 in
373 1394 561 1449 magna
610 1376 776 1446 gloria
822 1371 1278 1432 constitutum,et
1324 1356 1526 1427 rogavit
1572 1351 1847 1407 Dominum

285 1440 489 1529 Jesumv
501 1440 768 1526 Christum
798 1472 854 1517 ut
879 1457 1169 1532 egrediaris
1197 1454 1265 1508 de
1307 1462 1529 1517 corpore
1566 1453 1677 1507 tuo,
1702 1449 1756 1494 et
1783 1440 1851 1491 de

290 1575 485 1621 caetero
511 1562 585 1615 sis
613 1575 730 1613 cum
760 1556 872 1621 illo,
894 1531 947 1607 et
976 1550 1169 1606 fruaris
1199 1546 1284 1600 illa
1314 1540 1671 1613 gloria,quam
1697 1531 1848 1588 Anti-

289 1670 460 1730 gonus
491 1653 683 1708 meruit
722 1649 800 1704 vir
829 1658 968 1702 tuus.
998 1641 1232 1698 Audiens
1268 1644 1442 1691 autem
1471 1631 1613 1695 haec,
1640 1636 1852 1681 reversa

294 1757 379 1804 est
408 1749 459 1803 in
486 1747 697 1801 domum
725 1757 875 1796 suam
909 1749 1168 1801 matrona,
1193 1741 1250 1787 ut
1276 1729 1521 1799 religiosa
1544 1722 1771 1785 femina;
1799 1725 1852 1773 et

1942 509 2298 564 cordationent
2324 505 2545 567 habens,
2566 502 2913 557 substantiam
2934 500 3068 555 hanc
3094 501 3229 556 bene
3255 501 3503 570 dispone.

1940 603 2138 657 Omnes
2158 601 2471 656 constitutos
2496 596 2594 651 sub
2614 595 2740 666 jugo
2783 592 3053 649 servitutis
3080 593 3418 659 manumitte,
3444 601 3505 650 et
3530 584 3531 587 “

1941 695 2017 747 eis
2046 691 2274 761 legitima
2303 690 2555 744 concede.
2608 684 2787 739 Blanda
2821 683 3087 738 actoribus
3120 681 3292 753 patris
3317 683 3427 740 mei
3448 690 3510 738 ut
3548 699 3573 760 χ

1943 799 2101 838 omne
2144 782 2377 838 debitum
2425 780 2694 834 dimittant
2719 776 2983 846 agricolis,
3014 775 3153 846 quod
3176 790 3206 830 a
3232 774 3506 843 die'patris
3572 762 3575 767 ’

1943 877 2045 931 mei
2074 890 2236 946 usque
2262 874 2328 928 ad
2358 874 2494 927 hanc
2535 870 2675 924 diem
2710 868 3019 933 reddebant,
3047 876 3104 922 ut
3148 866 3263 922 sine
3308 864 3510 923 Sollici-

1947 967 2126 1023 tudine
2156 979 2391 1021 mearum
2417 973 2747 1018 terrenarum
2770 975 2942 1016 rerum
2964 956 3280 1022 consistens,
3299 956 3516 1013 Christo

1946 1060 2059 1114 sine
2086 1058 2323 1129 quolibet
2356 1054 2558 1110 servire
2601 1053 2803 1107 valeam
2850 1050 3247 1120 impedimento,
3278 1048 3369 1104 cui
3394 1044 3519 1102 ani-

1946 1167 2084 1207 mam
2114 1165 2284 1205 meam
2312 1146 2714 1202 commendasse
2739 1158 3051 1212 cognoscar.
3102 1141 3263 1197 Orate
3289 1154 3386 1210 pro
3416 1153 3517 1192 an-

1946 1244 2071 1300 cilla
2098 1252 2293 1302 vestra,
2328 1252 2379 1294 tu
2410 1250 2463 1294 et
2486 1239 2742 1310 Augusta,
2770 1246 2826 1291 ttt
2855 1245 3121 1292 mereatur
3145 1234 3357 1288 Christo
3388 1247 3505 1287 ser-

1948 1335 2080 1398 vire,
2116 1341 2271 1401 prout
2298 1331 2546 1399 dignatur
2564 1328 2805 1383 ancillam
2836 1341 3006 1380 suam.
3030 1343 3049 1376 ι
3077 1323 3272 1380 Deinde
3298 1322 3514 1391 signans

1948 1428 2224 1493 epistolam
2250 1464 2267 1490 ,
2300 1422 2573 1479 veredario
2621 1421 2784 1476 dedit.
2835 1420 2931 1485 Qui
2979 1426 3255 1472 revertens
3278 1455 3292 1479 ,
3326 1413 3518 1469 obtulit

1950 1519 2254 1589 imperatori
2273 1512 2913 1587 relegenilamepistolam.
2933 1511 3098 1578 Quam
3122 1511 3331 1577 solvens
3360 1515 3414 1563 et
3436 1524 3519 1560 re-

1950 1614 2129 1682 legens
2150 1611 2201 1665 in
2222 1619 2428 1665 secreto
2450 1623 2568 1662 cum
2593 1609 2843 1674 Augusta,
2866 1603 3056 1656 multas
3078 1602 3337 1670 lacrymas
3356 1595 3516 1651 ambo

1953 1706 2281 1771 effuderunt,
2312 1702 2469 1756 nimis
2497 1706 2708 1752 orantes
2739 1710 2834 1765 pro
2880 1692 3195 1762 Euphraxia.
3242 1690 3397 1745 Mane
3426 1702 3520 1741 au-

295 1784 379 1804 es.
486 1784 697 1801 υν........
725 1784 875 1796 νυ...
910 1784 1168 1801 ...---,--π,
1199 1784 1245 1787 __
1278 1784 1289 1785 ,
1316 1784 1321 1785 ,
1376 1784 1405 1799 υ
1758 1784 1763 1785 ί

295 1854 400 1894 non
432 1837 602 1893 solum
635 1849 739 1888 non
772 1840 854 1885 est
879 1830 1109 1893 turbata,
1135 1823 1227 1878 sed
1257 1819 1433 1875 Imlititt
1466 1828 1652 1883 magna
1678 1810 1854 1880 gavisa
1886 1784 1933 1844 Β
1961 1807 2064 1851 tem
2110 1795 2270 1859 facto,
2295 1805 2597 1848 convocans
2640 1789 2928 1857 imperator
2956 1799 3166 1840 omnem
3194 1790 3435 1838 senatum
3466 1786 3523 1836 et

298 1939 401 1985 est.
433 1929 629 1983 Orabat
648 1925 786 1981 enim
815 1932 872 1976 ιιι
897 1921 965 1974 ab
989 1919 1216 1972 humana
1245 1914 1347 1967 vita
1373 1908 1690 1970 discederet,
1712 1913 1766 1958 et
1789 1901 1858 1956 de

298 2030 496 2075 caetero
542 2028 684 2074 esset
730 2031 849 2068 cum
901 2010 1132 2074 Christo,
1184 2016 1238 2062 et
1284 2018 1405 2058 mox
1454 2013 1648 2054 vocans
1696 1994 1857 2051 ﬁliam

300 2126 472 2176 suam,
505 2110 637 2163 dixit
660 2106 723 2161 ad
756 2120 871 2159 eam
900 2122 912 2158 :
936 2103 1070 2158 Filia
1096 2113 1231 2163 mea,
1254 2098 1386 2151 sicut
1408 2092 1534 2147 mihi
1559 2091 1755 2145 dictum
1778 2094 1863 2142 est

301 2223 333 2257 a
371 2204 583 2257 domina
631 2217 744 2256 mea
791 2197 1057 2254 abbatissa
1082 2234 1099 2261 ,
1129 2190 1335 2248 vocavit
1380 2200 1466 2242 me
1512 2182 1777 2247 Christus,
1811 2188 1865 2234 et

299 2298 855 2365 appmpinquarerunt
896 2291 1010 2344 dies
1058 2288 1236 2342 obitus
1283 2283 1406 2339 mei.
1466 2280 1603 2334 Ecce
1651 2288 1864 2329 omnem

299 2387 647 2441 substantiam
679 2400 846 2440 meam
871 2392 924 2438 ct
952 2382 1113 2450 patris
1142 2378 1217 2431 tui
1249 2375 1368 2429 dedi
1412 2376 1463 2426 in
1494 2383 1681 2424 manus
1713 2380 1862 2421 tuas:

302 2483 547 2549 dispensa
579 2495 695 2534 eam
730 2478 832 2548 pie,
861 2487 911 2529 ut
933 2476 1201 2529 cmlestem
1227 2468 1396 2538 possis
1420 2465 1613 2518 habere
1636 2460 1862 2515 haeredi-

306 2586 483 2631 tatem.
539 2574 771 2628 Audiens
816 2572 932 2625 haec
982 2566 1278 2637 Euphraxia
1308 2579 1336 2616 a
1367 2569 1533 2615 matre
1559 2573 1675 2622 sua,
1704 2554 1867 2622 cmpit

311 2667 655 2733 ingemiscere
681 2675 731 2716 et
752 2663 899 2721 llr-re,
925 2660 1142 2713 dicens:
1171 2657 1260 2709 Va:
1282 2652 1428 2717 mihi,
1445 2651 1563 2719 quia
1590 2650 1863 2717 peregrina

310 2773 423 2812 sum
456 2766 509 2809 et
553 2755 808 2822 orphana.
858 2751 989 2804 Dicit
1034 2749 1081 2803 ei
1126 2757 1296 2801 mater
1337 2758 1466 2797 sua:
1496 2741 1625 2796 Filia
1654 2780 1669 2805 ,
1703 2739 1866 2793 babes

314 2847 575 2903 Christum
607 2863 702 2917 pro
732 2854 878 2911 patre
906 2852 957 2897 et
987 2855 1203 2910 sponso,
1233 2837 1353 2892 ideo
1380 2849 1477 2891 nec
1508 2833 1777 2901 peregrina
1807 2843 1865 2884 es

319 2956 419 2995 nec
442 2939 661 3007 orphana
688 2957 701 2989 :
725 2938 886 2989 habes
909 2943 961 2989 et
988 2934 1256 2988 dominam
1284 2929 1601 2984 abbatissam
1631 2939 1728 2991 pro
1755 2936 1867 2976 ma-

324 3033 418 3086 tris
444 3031 630 3084 ofilcio.
660 3029 809 3093 Vide,
843 3027 967 3091 lilia,
994 3024 1186 3079 festina
1219 3022 1355 3092 quod
1387 3016 1669 3089 promisisti
1693 3015 1865 3070 adim-

319 3126 482 3195 plere.
529 3124 689 3179 Deum
735 3124 883 3184 time,
934 3129 986 3173 et
1023 3131 1209 3173 omnes
1247 3127 1455 3169 sorores
1508 3112 1727 3171 honora,
1754 3120 1867 3160 ser-

316 3218 463 3272 vieus
490 3217 567 3271 eis
603 3230 721 3269 cum
766 3212 908 3266 omni
957 3210 1278 3263 humilitate.
1324 3207 1598 3273 Nunquam
1628 3200 1682 3253 in
1710 3197 1868 3253 corde

315 3319 406 3363 tuo
434 3308 629 3377 cogites
655 3324 666 3359 :
691 3306 757 3359 de
785 3301 1038 3371 sanguine
1066 3300 1215 3369 regio
1254 3312 1400 3360 sum;
1436 3309 1533 3348 nec
1561 3292 1709 3345 dicas
1730 3304 1746 3343 :
1770 3288 1870 3341 De-

315 3399 442 3455 bent
470 3398 599 3452 mihi
629 3398 829 3451 servire
887 3396 1086 3461 I‘auper
1132 3398 1247 3444 esto
1290 3387 1341 3441 in
1373 3396 1532 3450 terra,
1556 3393 1612 3437 ιιι
1651 3381 1702 3435 iu
1732 3379 1868 3434 caelo

318 3492 523 3549 diteris.
556 3491 692 3546 Ecce
722 3488 895 3541 omnia
920 3488 1017 3540 sub
1046 3482 1287 3539 manibus
1313 3480 1414 3533 tuis
1444 3478 1622 3531 habes.
1654 3474 1871 3528 Posses-

317 3589 492 3643 siones
519 3594 573 3642 et
598 3583 847 3655 pecunias
874 3582 923 3633 in
956 3575 1328 3633 monasterium
1354 3571 1567 3635 confer,
1599 3583 1693 3637 pro
1722 3576 1871 3636 patre

319 3693 411 3738 tuo
439 3690 494 3737 et
542 3694 638 3750 pro
666 3693 778 3739 me,
812 3686 865 3728 ut
905 3672 1235 3728 inveniamus
1279 3663 1690 3722 misericordiam
1734 3657 1870 3729 apud

318 3772 508 3838 Deum,
531 3782 584 3828 et
626 3770 910 3826 liberentur
937 3765 1004 3819 ab
1047 3770 1248 3818 mterno
1277 3756 1550 3826 supplicio.
1599 3753 1720 3806 llaec
1741 3765 1874 3819 prte-

320 3865 524 3934 cipiens
553 3863 672 3916 filia:
720 3874 853 3921 suae,
886 3855 1037 3909 tertia
1068 3854 1152 3906 die
1179 3849 1421 3905 defuncta
1454 3853 1552 3910 est,
1576 3853 1628 3898 et
1654 3839 1875 3910 sepelie-

320 3964 443 4012 runt
478 3969 592 4009 eam
622 3955 673 4005 in
691 3947 1009 4005 monasterio
1036 3946 1087 3998 in
1118 3948 1477 3997 monumento.

389 4047 515 4103 Car.
547 4044 680 4099 XIII.
703 4041 1020 4096 —Audiens
1052 4039 1337 4105 imperator
1359 4030 1479 4098 quia
1504 4036 1706 4081 mortua
1747 4022 1876 4077 fuis-

321 4148 405 4194 set
442 4135 741 4204 Euphraxia
788 4146 918 4185 uxor
962 4125 1239 4197 Antigoni,
1272 4134 1529 4176 revocans
1578 4118 1875 4173 senatorem

322 4231 405 4285 cui
432 4229 750 4296 desponsata
782 4222 949 4276 fuerat
977 4218 1085 4272 filia
1114 4217 1246 4284 ejus,
1279 4213 1528 4267 indicavit
1566 4212 1632 4273 ei,
1663 4206 1873 4260 dicens:

323 4321 452 4388 Quia
482 4316 653 4388 puella
684 4326 934 4369 conversa
963 4321 1045 4365 est
1072 4308 1122 4361 in
1150 4304 1495 4360 monasterio.
1526 4301 1615 4354 Ille
1645 4313 1771 4351 vero
1794 4309 1879 4348 ro-

322 4412 464 4484 gavit
490 4411 857 4479 imperatorem
880 4413 933 4457 ut
953 4418 1048 4472 per
1068 4397 1370 4454 veredarios
1395 4392 1646 4447 scriberet
1666 4387 1873 4456 puellae,

323 4479 480 4576 eique
517 4501 825 4572 praeciperet
850 4507 906 4552 ut
931 4496 996 4549 ad
1036 4494 1306 4548 civitatem
1337 4487 1557 4544 veniret.
1588 4490 1641 4537 et
1668 4479 1877 4547 nuptias

323 4572 639 4655 celebraret.
682 4592 987 4661 Suscipiens
1016 4596 1189 4641 autem
1221 4581 1517 4653 Euphraxia
1549 4572 1878 4642 imperatoris

327 4690 623 4760 epistolam,
655 4703 812 4742 manu
846 4683 1056 4755 propria
1086 4680 1362 4748 epistolam
1402 4674 1559 4727 aliam
1592 4668 1880 4737 rescripsit,

329 4781 408 4836 sic
456 4780 731 4833 habentem
762 4796 774 4829 :
805 4796 823 4827 ι
876 4775 1094 4830 Domine
1130 4773 1448 4838 imperator,
1482 4763 1741 4818 suadesne
1790 4774 1883 4812 an-

330 4873 470 4929 cilla:
501 4878 604 4923 tua:
632 4879 687 4922 ut
716 4882 958 4936 respuant
986 4863 1273 4926 Christum,
1306 4867 1359 4912 et
1388 4854 1585 4911 homini
1615 4848 1883 4918 corrupti—

332 4963 427 5019 bili
460 4970 514 5016 et
541 4957 805 5015 vermibus
851 4952 1204 5011 consumendo
1241 4948 1557 5015 conjungar,
1586 4943 1673 5013 qui
1727 4939 1885 4993 hodie

332 5065 436 5121 est,
461 5062 515 5109 et
539 5066 657 5107 cras
687 5064 789 5103 non
814 5048 930 5102 est?
954 5044 1103 5098 Absit
1121 5043 1187 5096 ab
1210 5040 1398 5094 ancilla
1425 5048 1510 5091 tua
1539 5046 1595 5090 ut
1624 5036 1758 5088 hanc
1784 5030 1887 5086 ini-

334 5148 589 5215 quitatem
614 5142 820 5197 faciam.
849 5139 1199 5206 Quapropter,
1221 5134 1505 5199 imperator
1525 5130 1753 5192 domine,
1780 5138 1886 5177 non

335 5237 556 5293 ulterius
598 5248 694 5288 vos
730 5233 809 5284 vir
841 5230 928 5284 ille
973 5227 1173 5296 fatiget,
1206 5239 1304 5292 ego
1340 5221 1480 5275 enim
1526 5218 1734 5271 Christo
1762 5228 1890 5267 con-

334 5330 501 5394 sensi,
532 5336 586 5381 ct
612 5322 934 5395 impossibile
978 5332 1059 5375 est
1095 5334 1216 5373 eum
1262 5330 1345 5370 me
1379 5326 1598 5382 negare;
1627 5309 1720 5362 sed
1766 5322 1890 5373 sup-

338 5423 474 5493 plico
501 5419 743 5488 potestati
771 5427 959 5471 vestra:
1004 5424 1058 5467 ut
1103 5408 1410 5466 memoriam
1444 5412 1716 5473 parentum
1747 5414 1891 5453 meo-

338 5527 454 5569 rum
486 5509 740 5565 habeatis.
788 5506 987 5563 Idcirco
1037 5504 1159 5556 tolle
1197 5514 1405 5555 omnem
1444 5493 1808 5553 substantiam,
1837 5497 1892 5543 et

340 5603 587 5672 dispensa
606 5600 920 5671 pauperibus
946 5596 1171 5651 simulet
1194 5588 1463 5659 orphanis,
1487 5595 1540 5638 et
1563 5584 1627 5637 da
1647 5582 1889 5637 universa

339 5696 594 5753 ecclesiis.
652 5695 779 5750 Novi
832 5691 974 5748 enim
1022 5690 1143 5758 quia
1194 5678 1561 5740 recordaberis
1615 5683 1887 5745 parentum

340 5804 601 5856 meorum,
632 5788 855 5845 maxime
897 5783 1059 5851 patris
1105 5781 1228 5836 mei.
1275 5774 1463 5831 Audivi
1511 5770 1648 5829 enim
1679 5768 1805 5837 quia
1834 5766 1885 5821 itt

1961 1900 2163 1960 patrem
2208 1888 2402 1956 pariter
2430 1881 2743 1950 Euphraxize
2774 1879 2987 1949 sponsi,
3013 1876 3176 1947 jussit
3201 1886 3379 1930 coram
3407 1870 3523 1939 cpi-

1961 1979 2153 2035 stolam
2193 1978 2388 2047 legere.
2423 1975 2501 2028 Illi
2531 1988 2660 2027 vero
2704 1971 2977 2025 audientes
3008 1966 3305 2035 epistolam,
3335 1977 3525 2019 omnes

1963 2078 2087 2125 sunt
2116 2068 2361 2137 lacrymis
2391 2065 2606 2134 repleti,
2633 2072 2687 2117 et
2712 2062 2853 2117 velut
2885 2075 2949 2114 ex
2976 2073 3082 2114 uno
3110 2072 3203 2112 ore
3231 2056 3523 2111 dixerunt:

1965 2162 2122 2227 Vere,
2148 2159 2361 2214 domine
2404 2158 2708 2225 imperator,
2752 2152 2858 2207 filia
2906 2162 2989 2207 est
3039 2146 3285 2220 Antigoni
3326 2156 3379 2203 et
3421 2145 3527 2200 Eu-

1967 2252 2207 2325 phraxia:
2248 2266 2413 2321 genus
2460 2259 2628 2312 tuum,
2656 2257 2710 2303 et
2748 2261 2811 2301 ex
2858 2246 3111 2314 sanguine
3148 2242 3263 2311 ejus
3300 2246 3385 2296 est
3413 2240 3527 2294 lucc

1967 2347 2161 2416 puella.
2209 2344 2345 2401 Vere
2396 2343 2760 2412 religiosorum
2818 2346 3091 2407 parentum
3145 2332 3389 2404 religiosa
3443 2340 3527 2386 est

1968 2438 2096 2505 filia,
2126 2448 2322 2491 sancta:
2372 2434 2562 2488 radicis
2603 2441 2815 2485 sanctus
2862 2437 2942 2482 est
2983 2438 3196 2489 ramus;
3246 2432 3299 2477 et
3340 2417 3542 2477 omnes

1967 2530 2178 2598 quidem
2213 2543 2276 2583 ex
2316 2524 2539 2594 quadam
2572 2520 2850 2577 concordia
2880 2517 3306 2590 glorificaverunt
3334 2512 3526 2579 Deum,

1967 2633 2020 2676 et
2052 2635 2145 2690 pro
2176 2617 2344 2686 puella
2377 2614 2573 2683 pariter
2617 2619 2922 2674 orarerunt,
2950 2617 3005 2663 et
3034 2618 3362 2676 nequaquam
3390 2602 3528 2658 ulte-

1967 2718 2078 2772 rius
2097 2722 2310 2769 Senator
2336 2712 2427 2766 ille
2448 2710 2589 2763 visus
2616 2715 2698 2761 est
2727 2707 3074 2770 importunus.

2038 2809 2165 2863 Car.
2199 2806 2337 2862 XIV.
2362 2836 2420 2844 —
2438 2804 2724 2872 Imperator
2746 2813 2873 2869 ergo
2893 2794 3076 2851 cuncta
3099 2793 3386 2863 disponens
3414 2788 3525 2861 pie,

1967 2912 2020 2956 et
2066 2914 2152 2956 res
2194 2897 2382 2969 puella:
2421 2895 2556 2948 bene
2602 2889 2952 2953 distribuens,
2991 2895 3045 2943 et
3090 2885 3204 2955 ipse
3248 2882 3527 2938 defunctus

1968 3003 2069 3057 est,
2097 3000 2296 3045 etcum
2340 2988 2449 3042 suis
2493 2984 2725 3053 patribus
2760 2979 2998 3049 sepultus
3036 2986 3119 3032 est
3154 2977 3209 3031 in
3242 2987 3393 3043 pace.
3421 2971 3532 3026 Eu.-

1971 3084 2186 3156 phraxia
2213 3097 2340 3137 vero
2362 3077 2815 3150 magnilicabatur,
2832 3083 2885 3129 et
2904 3068 3191 3128 secundum
3215 3066 3381 3121 Deum
3402 3077 3531 3119 con-

1895 3153 2310 3239 aversabatur,
2340 3171 2612 3228 abstinens
2650 3170 2788 3223 ultra
2834 3173 3137 3219 mensuram
3183 3172 3355 3214 suam.
3405 3153 3534 3207 Erat

1970 3272 2111 3327 enim
2142 3281 2399 3323 annorum
2429 3261 2730 3325 duodecim,
2756 3256 2894 3313 etad
2920 3251 3209 3310 certamina
3238 3264 3297 3305 se
3325 3246 3533 3302 fortiter

1972 3361 2274 3420 exercebat.
2328 3358 2396 3412 Et
2440 3356 2662 3425 primum
2707 3350 2969 3421 quidema
2999 3358 3217 3416 vespera
3265 3356 3431 3412 usque
3463 3339 3533 3395 ad

1970 3466 2248 3523 vesperam
2291 3444 2643 3510 comedebat,
2673 3440 2863 3497 deinde
2903 3444 3022 3509 post
3066 3435 3318 3500 biduum,
3350 3439 3533 3500 postea

1971 3558 2091 3621 post
2116 3546 2364 3602 triduum.
2408 3540 2559 3596 Nulla
2581 3538 2681 3594 alia
2728 3543 2920 3606 printer
2947 3532 3085 3586 illam
3123 3526 3351 3584 triclinia
3380 3540 3536 3580 mun-

1973 3644 2130 3699 dabat
2174 3652 2229 3695 et
2274 3634 2514 3693 cubicula
2566 3644 2809 3687 sororum
2865 3623 3183 3681 sternebat:
3222 3634 3413 3692 aquam
3461 3615 3530 3670 ad

1973 3736 2131 3807 355
2175 3731 2451 3802 coquinam
2492 3726 2602 3794 ipsa
2635 3721 2894 3791 portabat.
2934 3717 3061 3773 Ilaec
3101 3721 3275 3769 autem
3305 3724 3529 3767 consue-

1976 3799 2325 3884 mdo'eratin
2368 3814 2728 3881 monasterio;
2778 3808 3057 3880 siquando
3102 3804 3398 3874 contigerat
3438 3799 3536 3855 ali-

1975 3934 2130 3993 quam
2174 3928 2413 3972 sororem
2446 3908 2636 3965 tentari
2667 3920 2697 3958 a
2725 3904 2933 3959 diabolo
2971 3914 3066 3970 per
3110 3910 3376 3961 somnum,
3409 3906 3534 3948 mox

1976 3985 2256 4068 abbatissa:
2294 4003 2577 4075 pandebat.
2623 3998 2717 4054 Illa
2762 4010 2889 4050 vero
2932 4006 3049 4048 cum
3090 3988 3336 4060 lacrymis
3367 3985 3534 4040 Deum

1978 4103 2274 4175 postulabat
2302 4107 2357 4151 ut
2384 4093 2626 4150 diabolus
2671 4089 2738 4143 ab
2782 4102 2845 4143 ea
2893 4083 3184 4149 recederet,
3210 4077 3536 4150 jubebatque

1979 4169 2037 4249 ut
2065 4192 2265 4262 lapides
2297 4196 2545 4257 portaret,
2569 4192 2622 4238 et
2650 4182 2969 4235 substratum
3010 4174 3109 4229 sub
3132 4186 3259 4242 sago
3302 4169 3535 4223 cinerem

1979 4258 2137 4357 super
2165 4280 2390 4337 cilicium
2420 4282 2734 4345 spargeret,
2763 4279 2816 4326 et
2850 4270 2919 4323 ita
2960 4265 3216 4322 dormiret
3258 4276 3424 4330 usque
3473 4258 3538 4315 ad

1980 4353 2241 4434 decimum
2270 4373 2433 4427 diem.
2461 4368 2576 4424 Una
2605 4380 2731 4421 vero
2754 4362 2959 4418 dierum
2991 4358 3105 4427 ipsa
3127 4371 3153 4408 a
3178 4353 3391 4409 diabolo
3422 4359 3538 4405 ten-

1980 4478 2086 4524 tata
2116 4479 2218 4531 est,
2245 4473 2299 4520 et
2326 4456 2661 4530 superposuit
2686 4451 2873 4512 stratui
2915 4464 3012 4504 suo
3055 4449 3307 4502 cinerem.
3337 4440 3537 4496 Videns

1906 4535 1963 4596 D
1982 4572 2156 4616 autem
2186 4530 2447 4612 abbatissa
2477 4551 2709 4605 cinerem
2739 4544 2837 4600 sub
2869 4549 3035 4597 stratu
3061 4533 3398 4605 Euphraxize,
3420 4530 3540 4584 risit

1983 4663 2035 4707 et
2061 4651 2132 4704 ait
2157 4647 2223 4702 ad
2254 4659 2408 4700 uuam
2447 4654 2683 4698 sororem
2731 4634 2995 4691 seniorem
3021 4646 3036 4686 :
3062 4628 3194 4683 Vere
3224 4625 3336 4681 haec
3364 4621 3539 4694 puella

1983 4745 2173 4802 tentari
2215 4741 2395 4808 erepit,
2436 4744 2489 4789 et
2530 4746 2691 4788 orans
2733 4727 2997 4783 abbatissa
3022 4766 3037 4789 ,
3064 4719 3421 4782 dixit:Deus,
3446 4713 3539 4784 qui

1984 4838 2172 4895 creasti
2225 4849 2346 4890 eam
2399 4827 2688 4885 secundum
2736 4833 2876 4878 tuam
2922 4817 3269 4876 voluntatem,
3328 4817 3384 4862 tu
3423 4820 3540 4862 eam

1985 4934 2041 4988 iu
2090 4940 2177 4985 tuo
2222 4928 2411 4981 timore
2448 4918 2708 4976 conforta.
2756 4916 2818 4969 Et
2860 4923 3055 4964 vocans
3084 4920 3200 4960 eam
3255 4899 3540 4962 abbatissa,

1991 5023 2126 5079 dixit
2151 5021 2215 5073 ad
2244 5033 2357 5073 eam
2383 5031 2398 5071 :
2422 5015 2597 5081 Quare
2624 5022 2729 5062 non
2774 4999 3012 5059 indicasti
3042 4995 3168 5051 mihi
3199 4991 3540 5047 tentationem

1991 5110 2337 5172 tliaholicam?
2356 5108 2445 5161 Illa
2459 5119 2583 5161 vero
2594 5101 2788 5157 cadens
2803 5095 2868 5149 ad
2894 5093 3053 5162 pelles
3075 5088 3377 5150 abbatissae,
3393 5081 3543 5136 dixit:

1991 5210 2213 5277 Ignosce
2260 5200 2387 5257 mihi
2410 5239 2426 5263 ,
2460 5196 2667 5252 domina
2699 5205 2836 5254 mea,
2868 5186 2986 5253 quia
3014 5181 3231 5238 confusa
3260 5194 3375 5235 sum
3408 5175 3547 5231 incli-

1993 5314 2113 5355 care
2138 5295 2229 5351 tibi
2261 5294 2395 5348 hanc
2421 5303 2654 5345 causam.
2688 5281 2823 5337 Dixit
2852 5280 2917 5333 ad
2943 5292 3057 5330 eam
3086 5272 3349 5329 abbatissa
3381 5288 3393 5322 :
3419 5268 3546 5323 Filia

1992 5405 2130 5457 mea,
2159 5401 2287 5443 ecce
2313 5395 2544 5454 pugnare
2568 5374 2804 5447 ccepisti;
2833 5370 3053 5425 viriliter
3073 5384 3189 5439 age,
3209 5376 3265 5421 ut
3287 5365 3466 5418 vincas
3498 5369 3548 5415 et

1992 5481 2285 5539 coroneris.

2062 5571 2188 5627 Car.
2228 5566 2343 5622 XV.
2364 5593 2431 5605 —
2470 5561 2595 5617 Post
2621 5570 2811 5627 paucos
2836 5570 2963 5609 vero
2992 5553 3105 5608 dies
3131 5550 3308 5607 denuo
3346 5549 3542 5623 tentata

1995 5673 2102 5730 est,
2146 5670 2200 5717 et
2243 5654 2477 5713 narravit
2519 5651 2671 5707 alicui
2720 5646 2910 5712 sorori,
2960 5644 3170 5699 nomine
3211 5639 3384 5702 Julim,
3428 5644 3546 5700 quas

1996 5727 2215 5815 multum
2255 5746 2501 5822 diligebat
2525 5740 2896 5815 Euphraxiaut,
2943 5750 3058 5807 quae
3086 5731 3243 5789 etiam
3285 5727 3337 5781 in
3380 5730 3526 5777 certa
