4020 6240
453 314 550 374 651

1465 302 1551 357 DE
1594 300 1772 356 VITIS
1809 296 2091 354 PATRUM
2131 297 2332 354 LIBER
2372 299 2639 358 PRIMUS.

3569 313 3686 372 633

453 430 682 489 min-Ibus
727 442 864 483 eam.
890 425 1186 481 exercebat.
1237 422 1479 490 Dixitque
1507 418 1557 476 ei
1581 418 1714 473 Julia
1742 434 1756 471 :
1791 417 2006 472 Domina
2038 413 2089 474 Α
2112 418 2649 488 cantem,hnjusmodi
2674 422 3012 478 tentationem
3035 423 3084 479 ei
3108 424 3341 490 immisit,
3361 430 3502 497 quod
3529 435 3686 500 quasi

453 538 568 580 mea
598 519 922 592 Euphraxia,
954 533 1055 572 non
1101 516 1394 571 abscondas
1425 513 1525 567 hoc
1572 510 1882 574 abbatissae;
1926 508 2020 563 sed

452 614 595 671 refer
619 612 743 678 hoc,
774 621 831 666 ut
857 617 971 665 oret
998 623 1094 678 pro
1122 615 1192 661 te.
1246 605 1442 660 Omnes
1487 606 1626 657 enim
1679 609 1943 655 tentamur
1987 613 2016 652 a

453 704 692 770 diabolo;
734 701 830 758 sed
857 713 1127 770 speremus
1174 698 1224 751 in
1254 696 1449 752 Christi
1480 694 1712 755 nomine,
1744 690 1865 759 quia
1900 689 2017 742 vin-

452 796 622 852 cimus
649 807 793 849 eum.
829 791 1142 860 Ergo,soror
1171 801 1418 852 mea,non
1448 784 1691 848 moreris,
1722 783 1816 836 sed
1849 783 2016 835 indica

452 885 734 941 abbatissae
745 895 981 947 causam,
996 890 1048 936 et
1060 881 1163 934 noli
1182 877 1450 934 confundi.
1473 877 1703 930 Audiens
1716 883 1889 928 autem
1905 873 2016 926 haec

455 972 1005 1048 Euphraxia,'gratias
1033 971 1138 1040 egit
1166 970 1341 1032 Iuliae,
1370 976 1422 1022 et
1446 966 1578 1020 dixit
1622 964 1687 1019 ad
1715 979 1870 1020 eam:
1903 963 2014 1016 Ad-

455 1075 604 1145 juvet
652 1079 703 1126 te
727 1069 885 1130 Deus,
911 1078 1082 1130 soror,
1128 1062 1249 1131 quia
1295 1057 1562 1114 aediﬁcasti
1601 1071 1707 1122 me,
1746 1063 1801 1110 et
1842 1069 2013 1110 meam

454 1165 683 1219 animam
733 1156 1060 1214 confortasti.
1103 1153 1240 1208 Vere
1285 1149 1568 1221 ingredior,
1600 1159 1655 1203 et
1683 1161 1894 1202 causam
1919 1146 2015 1199 do-

453 1255 608 1310 minae
631 1250 905 1308 abbatissae
930 1245 1230 1318 pronuntio.
1262 1243 1501 1311 Dixitque
1523 1240 1659 1294 Julia
1687 1257 1700 1292 ε
1735 1238 1902 1292 Etiam
1933 1237 2012 1290 sic

449 1347 534 1401 fac
569 1351 628 1400 ut
659 1349 775 1397 oret
804 1355 896 1410 pro
925 1349 997 1402 te,
1028 1344 1082 1390 et
1114 1332 1324 1406 adjiciat
1353 1331 1443 1385 tibi
1477 1328 1871 1384 abstinentiam.
1917 1327 2007 1382 Illa

450 1452 578 1495 vero
598 1433 918 1506 ingrediens,
943 1428 1192 1484 indicavit
1211 1425 1492 1479 abbatissae
1512 1436 1743 1478 causam.
1767 1420 2012 1488 Dixitque

451 1530 501 1586 ei
545 1527 852 1582 abbatissa:
898 1522 1013 1577 Non
1060 1519 1422 1590 pertimescas,
1456 1516 1581 1580 ﬁlia,
1616 1527 1773 1568 omne
1817 1511 2007 1566 bellum

449 1618 663 1681 diaboli,
693 1630 798 1685 quo
822 1620 1004 1668 contra
1050 1625 1146 1664 nos
1176 1607 1377 1662 nititur.
1421 1605 1578 1658 Certa
1623 1603 1780 1672 igitur
1804 1602 2009 1656 fortiter

451 1708 707 1767 immobili
760 1709 955 1770 animo,
1005 1714 1058 1758 et
1101 1717 1206 1757 non
1254 1698 1557 1769 praevalebit
1603 1698 1880 1752 adversum
1930 1706 1999 1750 te.

2122 507 2210 561 ille
2237 519 2451 563 senator
2475 512 2556 564 cui
2589 513 2754 566 fuerat
2773 513 3110 581 desponsata,
3142 524 3524 584 superveniens
3554 539 3682 577 cum

2120 602 2316 656 auxilio
2349 603 2538 667 multo,
2570 605 2896 662 abstraheret
2923 622 3040 662 eam
3068 608 3137 664 de
3163 613 3511 678 monasterio,
3538 626 3591 668 et
3621 632 3687 672 ea

2117 695 2318 749 sublata
2342 695 2529 750 abiret.
2553 695 2679 761 Quae
2701 711 2818 750 cum
2840 699 3041 766 jaceret
3066 699 3117 752 in
3145 701 3304 755 cubili
3329 717 3451 769 suo,
3474 706 3684 761 violen-

2120 794 2198 839 ter
2227 787 2601 853 proclamabat.
2650 789 2924 843 Abbatissa
2961 805 3088 845 vero
3115 800 3170 845 et
3195 791 3313 845 alim
3342 809 3558 850 sorores
3585 812 3686 851 ex-

2116 880 2446 946 pergefacta,
2470 880 2748 934 audierunt
2774 882 2888 948 ejus
2907 882 3173 937 violentia:
3203 897 3410 940 vocem.
3442 885 3509 940 Et
3537 890 3681 943 exci-

2117 978 2284 1024 tantes
2298 984 2435 1034 eam,
2452 970 2723 1025 dixerunt:
2742 972 2888 1027 Unde
2905 981 2987 1027 est
3006 973 3096 1028 tibi
3122 975 3235 1027 haec
3251 977 3513 1042 anxietas,
3537 979 3678 1035 ﬁlia?

2113 1059 2206 1113 Illa
2238 1075 2364 1114 vero
2393 1069 2608 1128 repente
2635 1062 2896 1115 somnium
2925 1063 3186 1120 recitavit.
3234 1066 3512 1122 Abbatissa
3545 1087 3672 1128 vero

2112 1147 2345 1203 excitans
2375 1164 2612 1214 sorores,
2644 1153 2789 1205 stetit
2817 1152 2870 1204 in
2900 1153 3159 1208 oratione.
3191 1154 3321 1210 Post
3349 1161 3661 1228 completum

2110 1257 2236 1295 vero
2281 1242 2629 1298 ministerium
2677 1260 2842 1314 usque
2889 1245 2952 1297 ad
2985 1245 3167 1300 horam
3219 1249 3444 1315 tertiam,
3474 1262 3656 1310 tenens

2110 1331 2356 1386 Codicem
2405 1334 2734 1400 Euphraxia,
2788 1336 2959 1390 stabat
3007 1337 3186 1405 legens
3227 1338 3553 1406 sedentibus,
3597 1353 3652 1400 et

2111 1436 2289 1498 postea
2330 1435 2478 1481 stans
2521 1427 2585 1480 ad
2630 1427 2810 1481 horam
2853 1429 3059 1482 tertiam
3109 1430 3160 1482 in
3194 1431 3502 1487 ministerio.
3529 1435 3653 1490 Post

2108 1521 2512 1588 completionem
2542 1536 2667 1574 vero
2697 1521 2885 1583 tertim,
2911 1536 3036 1575 mox
3065 1522 3362 1587 Euphraxia
3391 1526 3655 1582 sororibus

2108 1613 2403 1666 necessaria
2433 1612 2668 1680 parabat,
2702 1613 3009 1666 munditiam
3039 1614 3199 1684 356
3231 1614 3280 1668 in
3314 1615 3544 1671 triclinio
3586 1618 3660 1671 Ia-

2106 1706 2282 1770 ciens,
2309 1715 2362 1759 et
2391 1706 2557 1760 lectos
2599 1718 2863 1772 sternens,
2896 1721 3085 1775 aquam
3120 1707 3364 1775 implens,
3393 1720 3443 1764 et
3471 1710 3538 1764 ad
3567 1724 3658 1764 co-

450 1804 664 1859 IIultutn
687 1802 825 1858 enim
848 1802 914 1854 ah
934 1813 998 1854 eo
1023 1796 1265 1852 tentanda
1294 1811 1351 1851 es
1379 1811 1393 1847 :
1418 1795 1508 1850 sed
1539 1802 1701 1857 certa,
1724 1803 1780 1847 ut
1798 1793 1997 1857 vincas,
2028 1769 2076 1829 Β
2104 1800 2316 1866 quinam
2358 1807 2612 1866 portans;
2682 1799 2817 1867 Iigna
2867 1799 3144 1868 frangens,
3182 1810 3233 1854 ει
3269 1801 3520 1869 tegumina
3559 1817 3652 1857 ω..

453 1904 512 1951 ut
533 1893 781 1949 victorias
807 1900 862 1946 et
882 1889 1201 1958 triumphum
1226 1887 1449 1956 accipias
1470 1903 1498 1940 a
1522 1899 1716 1951 sponso
1745 1893 1832 1937 tuo
1852 1884 2004 1936 Chri-

452 1993 555 2051 sto,
587 1993 642 2039 et
669 1992 916 2049 quantum
953 1989 1103 2049 potes
1149 1978 1316 2047 adjice
1359 1977 1685 2030 abstinentiae
1729 1984 1851 2029 tum.
1900 1974 2000 2040 Qui

449 2077 591 2130 enim
619 2073 880 2144 praecipue
924 2072 1185 2133 decertat,
1239 2067 1496 2137 prmeipua
1544 2067 1679 2120 dona
1726 2065 1998 2135 percipiet.

449 2169 578 2223 Post
595 2165 972 2236 aliquantulum
994 2177 1123 2217 vero
1145 2161 1395 2228 temporis
1415 2160 1638 2226 spatium
1663 2160 2002 2226 interrogavit

447 2279 562 2319 eam
583 2262 866 2325 abbatissa,
888 2259 1096 2314 dicens:
1122 2258 1244 2312 Post
1261 2268 1388 2326 quot
1410 2257 1523 2312 dies
1547 2256 1840 2321 comedisti,
1868 2255 1998 2308 ﬁlia?

445 2355 623 2411 Puella
653 2353 821 2408 dixit:
849 2352 977 2405 Post
1021 2360 1130 2405 tres
1154 2350 1287 2415 dies,
1320 2349 1529 2402 domina
1580 2363 1716 2403 mea.
1769 2347 1906 2400 Dixit
1949 2346 1998 2400 ei

444 2442 956 2511 abbatissa:Adjice
1002 2441 1171 2494 adhuc
1214 2455 1372 2494 unum
1400 2440 1558 2493 diem.
1593 2440 1676 2492 Illa
1723 2452 1847 2490 vero
1887 2438 2000 2506 jus-

445 2539 646 2591 sionem
697 2534 810 2605 ejus
855 2549 974 2589 cum
1021 2533 1200 2587 laetitia
1230 2547 1414 2602 magna
1455 2531 1772 2597 suscipiens,
1801 2530 2000 2585 disces-

445 2625 530 2680 sit.

515 2719 639 2773 CAP.
671 2718 896 2773 XVI.-——
917 2715 1152 2784 Cumque
1185 2720 1317 2773 facta
1349 2726 1489 2774 esset
1518 2734 1770 2773 annorum
1792 2720 1993 2789 viginti,

446 2819 599 2864 aetate
627 2809 1020 2864 confortabatur
1047 2821 1099 2865 et
1131 2811 1464 2879 praevalebat.
1520 2811 1646 2865 Erat
1673 2813 1810 2866 enim
1843 2812 1998 2866 nimis

443 2904 704 2972 speciosa,
739 2915 982 2971 tanquam
1015 2919 1140 2958 vera
1187 2899 1446 2969 matrona,
1474 2912 1526 2957 et
1569 2905 1822 2973 sanguine
1849 2905 1998 2973 regio

442 3004 738 3064 procreata.
778 2993 960 3048 Denuo
989 3005 1160 3049 autem
1190 3004 1408 3059 tentata,
1440 2996 1687 3050 indicavit
1717 2997 1998 3052 abbatissa:

441 3103 677 3143 causam.
701 3088 940 3156 Dixitque
959 3089 1006 3142 ei
1034 3088 1295 3142 abbatissa
1315 3104 1329 3142 :
1349 3088 1464 3143 Noli
1489 3091 1692 3152 timere,
1714 3089 1837 3155 ﬁlia,
1859 3089 1996 3144 Deus

2101 1904 2296 1957 quens;
2336 1888 2554 1942 farinam
2580 1889 3029 1957 confermentans,
3053 1901 3104 1944 et
3127 1905 3351 1960 eoquens
3377 1907 3560 1956 panem
3587 1893 3642 1948 in

2100 1982 2325 2035 clibano.
2355 1981 2421 2034 Et
2447 1981 2568 2034 dum
2600 1983 2713 2036 haec
2740 1983 2914 2036 omnia
2946 1983 3158 2046 faceret,
3189 1999 3283 2038 nec
3307 1985 3358 2038 in
3388 1993 3648 2039 nocturna

2102 2071 2390 2142 psalmodia
2434 2071 2634 2136 deerat,
2682 2088 2779 2128 nec
2826 2074 2875 2126 in
2920 2073 3094 2138 tertia,
3129 2089 3222 2128 nec
3264 2075 3318 2127 in
3345 2084 3513 2137 sexta,
3545 2087 3652 2128 nec

2101 2164 2150 2217 in
2188 2179 2343 2229 nona,
2389 2179 2487 2218 nec
2529 2164 2581 2218 in
2613 2178 2849 2230 veSpera.
2898 2164 3027 2218 Nam
3074 2174 3346 2234 postquam
3374 2163 3658 2232 complevit

2099 2257 2428 2324 vespertinas
2475 2255 2756 2318 orationes,
2789 2271 2880 2324 per
2926 2271 2985 2310 se
3033 2255 3384 2310 miniSIerinm
3432 2255 3654 2309 faciebat

2100 2347 2396 2402 inferendo.
2446 2347 2578 2401 Cum
2607 2362 2706 2416 qua
2754 2346 2910 2401 etiam
2937 2356 2990 2402 et
3020 2347 3291 2402 laborabat
3317 2347 3474 2413 Julia,
3525 2346 3658 2400 satis

2100 2441 2236 2496 enim
2260 2440 2510 2511 diligebat
2535 2440 2912 2508 Euphraxiam.

2169 2533 2293 2586 CAP.
2325 2531 2541 2586 ΧΙΧ.-α
2565 2533 2742 2586 Denuo
2763 2531 3018 2600 siquidem
3038 2531 3281 2587 diabolus
3299 2548 3390 2602 per
3409 2547 3656 2589 somnum
3750 2573 3756 2582 .

2103 2624 2444 2679 vehementer
2480 2638 2596 2678 eam
2630 2633 2862 2688 tentans,
2891 2624 2939 2678 ei
2981 2634 3249 2680 certamen
3281 2626 3499 2680 immisit
3535 2643 3657 2682 ma-

2100 2715 2316 2768 ximum.
2344 2716 2470 2783 Quae
2499 2732 2620 2770 mox
2645 2717 2920 2772 anxietatis
2947 2732 3057 2771 sua:
3084 2728 3352 2774 certamen
3376 2720 3659 2776 abbatissa

2099 2807 2337 2862 confessa
2363 2816 2462 2862 est.
2496 2807 2600 2862 Pro
2627 2823 2728 2878 qua
2752 2810 2876 2862 dum
2901 2819 3078 2864 oraret
3105 2809 3388 2872 abbatissa,
3416 2811 3547 2866 dixit
3572 2812 3655 2868 ei:

2101 2899 2228 2951 Filia
2255 2913 2369 2951 mea
2401 2899 2722 2967 Euphraxia,
2751 2910 2955 2970 tempus
2983 2887 3283 2956 certaminis
3306 2912 3408 2957 est.
3438 2904 3568 2959 Vide
3589 2920 3660 2961 ne

2101 2991 2300 3044 molliat
2335 2990 2577 3044 diabolus
2620 3002 2846 3047 mentem
2895 3003 3059 3059 tuam,
3091 3003 3145 3048 et
3183 2994 3372 3062 perdas
3417 2996 3658 3051 laborem

2103 3090 2270 3136 tuum.
2301 3083 2488 3137 Adhuc
2534 3085 2673 3138 enim
2704 3099 2868 3154 parvo
2912 3093 3147 3153 tempore
3171 3087 3428 3142 dimicans
3457 3097 3659 3154 tecum,

442 3191 616 3236 tecum
643 3189 746 3237 est.
779 3180 904 3235 Erat
931 3191 1104 3236 autem
1132 3181 1182 3234 in
1210 3183 1327 3234 aula
1356 3183 1654 3235 monasterii
1683 3197 1902 3236 acervus
1926 3183 1999 3236 la-
2022 3152 2072 3216 θ
2105 3171 2226 3225 dum
2259 3172 2414 3228 Γυθτίι
2436 3185 2713 3242 superatus
2740 3191 2767 3226 ³
2794 3187 2865 3239 ιθ.
2895 3191 3103 3229 rursum
3135 3175 3367 3246 eﬁ‘usiet-
3414 3176 3660 3233 Dicebat-

445 3272 650 3340 pidum.
680 3273 875 3328 Volens
903 3282 1074 3327 autem
1105 3273 1365 3326 abbatissa
1394 3282 1597 3327 tentare
1622 3273 1995 3341 Euphraxiam,

441 3373 495 3420 et
507 3365 572 3419 ad
587 3365 766 3420 Matris
781 3379 1063 3434 provocare
1077 3364 1443 3430 obedientiam,
1471 3363 1607 3418 dixit
1621 3365 1668 3418 ei
1687 3383 1697 3416 :
1721 3364 1868 3429 Veni,
1891 3364 1996 3419 ﬁlia

440 3473 581 3525 mea,
611 3460 743 3514 istos
769 3459 969 3525 lapides
999 3467 1292 3526 transporta
1315 3457 1523 3522 hinc,et
1551 3471 1685 3522 pone
1727 3471 1818 3512 eos
1843 3456 1995 3525 juxta

439 3549 723 3605 clibanum.
748 3550 1047 3618 Euphraxia
1073 3563 1196 3602 vero
1216 3563 1339 3602 mox
1361 3548 1582 3602 accessit
1607 3547 1804 3612 lapides
1827 3557 1996 3602 trans-

437 3651 646 3711 portare
669 3658 684 3696 :
707 3651 861 3697 erant
899 3651 1072 3695 autem
1112 3648 1166 3694 et
1216 3639 1437 3709 grandes
1474 3639 1673 3706 lapides
1719 3640 1854 3694 inter
1878 3655 1989 3707 eos,

436 3748 568 3803 quos
588 3733 704 3788 duae
726 3746 936 3788 sorores
955 3733 1042 3787 vix
1065 3743 1307 3800 pateram
1329 3731 1546 3801 agitare.
1573 3731 1662 3785 llla
1687 3746 1815 3787 vero
1837 3747 1996 3803 super

436 3827 684 3881 humeros
727 3840 852 3881 suos
894 3826 1181 3895 arripiebat
1224 3839 1336 3888 eos,
1385 3823 1531 3878 nullo
1573 3823 1836 3893 adjutorio
1862 3839 1994 3891 Opus

435 3915 655 3971 habens.
684 3917 811 3971 Erat
850 3929 1022 3971 autem
1046 3917 1255 3985 juvenis
1284 3925 1335 3971 et
1363 3915 1513 3970 valde
1543 3915 1712 3978 fortis,
1741 3931 1839 3971 nec
1861 3915 1995 3969 dixit

436 4005 715 4062 abbatissae
739 4024 751 4059 :
776 4005 1003 4075 Adjuvet
1023 4023 1107 4061 me
1125 4008 1225 4060 alia
1249 4021 1420 4061 soror.
1438 4005 1544 4061 Nec
1566 4005 1696 4060 dixit
1721 4023 1733 4057 :
1756 4005 1993 4061 Grandes

435 4105 557 4150 sunt
582 4096 807 4165 lapides,
832 4111 934 4151 non
960 4098 1241 4166 prmvaleo.
1266 4097 1372 4151 Nec
1391 4096 1524 4151 dixit
1547 4114 1559 4150 :
1580 4096 1763 4166 Jejuna
1792 4112 1907 4152 sum
1937 4106 1992 4152 et

435 4187 648 4256 delicio,
700 4197 753 4242 et
780 4202 912 4256 Opus
936 4188 1034 4243 hoc
1057 4189 1257 4258 grande
1279 4197 1395 4254 est;
1420 4188 1514 4243 sed
1532 4203 1651 4244 cum
1678 4188 1862 4244 ﬁducia
1880 4190 1993 4260 jus-

434 4275 634 4332 siouem
659 4292 754 4347 per
775 4275 1125 4332 obedientiam
1149 4278 1471 4347 adimplevit.

501 4366 630 4424 CAP.
668 4369 826 4424 XVII.
844 4399 916 4411 -—
932 4370 1048 4424 Alia
1071 4384 1196 4424 vero
1218 4369 1304 4424 die
1322 4369 1454 4424 dixit
1471 4369 1736 4425 abbatissa
1759 4371 1820 4425 ad
1842 4385 1988 4425 eam:

431 4459 546 4515 Non
568 4469 647 4516 est
666 4459 866 4530 justum
891 4469 946 4513 ut
966 4459 1166 4528 lapides
1186 4460 1269 4514 isti
1286 4460 1432 4528 juxta
1459 4461 1661 4515 furnum
1684 4462 1790 4516 sint
1812 4464 1986 4531 positi,

2099 3278 2200 3328 que
2229 3263 2276 3316 ci
2307 3264 2461 3317 simul
2489 3263 2623 3318 Julia
2667 3282 2681 3318 :
2727 3265 2944 3320 Domina
2991 3275 3046 3321 et
3070 3281 3221 3322 soror
3249 3281 3388 3335 mea,
3420 3268 3462 3322 si
3495 3269 3661 3323 modo

2099 3354 2144 3406 ei
2180 3369 2281 3408 non
2329 3369 2680 3425 repugnamus
2705 3365 2758 3411 et
2784 3358 3063 3422 vincimus,
3098 3360 3149 3413 in
3177 3369 3449 3415 senectute
3491 3363 3654 3432 quale

2100 3445 2292 3500 bellum
2322 3461 2439 3501 cum
2481 3464 2546 3502 eo
2585 3445 2874 3504 faciemus?
2903 3450 2998 3506 Cui
3031 3453 3299 3518 respondit
3322 3455 3658 3522 Euphraxia:

2099 3538 2236 3593 Vivit
2268 3541 2540 3605 Dominus,
2573 3558 2723 3598 soror
2746 3543 2907 3608 Julia,
2936 3561 3040 3614 qua
3087 3547 3131 3601 si
3164 3549 3292 3602 mihi
3338 3551 3659 3620 praeceperit

2095 3629 2378 3699 abbatissa,
2412 3648 2515 3686 non
2542 3636 2762 3702 gustatio
2790 3635 2843 3689 in
2872 3644 2978 3690 tota
3015 3640 3306 3707 septimana
3336 3654 3518 3708 panes,
3558 3642 3657 3697 do-

2096 3737 2193 3776 nec
2221 3738 2340 3778 eum
2365 3725 2586 3778 Domino
2612 3725 2695 3796 adj
2707 3737 2895 3782 uvante
2924 3728 3152 3782 vincam.
3202 3729 3297 3783 Cui
3321 3729 3457 3786 Julia
3483 3732 3653 3787 dixit.

2094 3816 2147 3866 Si
2178 3824 2235 3870 tu
2261 3815 2360 3870 hoc
2391 3826 2540 3886 potes
2575 3819 2793 3887 implere
2822 3819 2873 3872 in
2906 3828 3064 3885 terra,
3101 3821 3247 3875 beata
3277 3824 3385 3875 eris
3409 3822 3460 3877 in
3491 3825 3657 3880 coelo.

2095 3907 2147 3961 In
2179 3908 2278 3963 isto
2308 3924 2534 3976 namque
2563 3911 2886 3964 monasterio
2915 3911 3054 3964 nulla
3088 3912 3249 3979 potuit
3280 3913 3400 3968 sine
3433 3913 3550 3968 cibo
3571 3924 3647 3969 to-

2095 4010 2198 4056 tam
2228 4003 2573 4070 septimanam
2603 4017 2939 4070 permanere,
2976 4003 3075 4058 nisi
3102 4004 3314 4059 domina
3349 4016 3528 4061 uestra
3556 4007 3655 4062 ab-

2093 4093 2307 4148 batissa.
2357 4093 2504 4147 Tunc
2551 4094 2782 4164 ingressa
2818 4095 3134 4162 Euphraxia,
3178 4096 3435 4150 nuntiavit
3480 4107 3656 4152 tenta-

2091 4186 2286 4239 tionem
2310 4184 2505 4239 diaboli
2534 4200 2630 4252 per
2655 4199 2894 4239 somnum
2922 4185 3227 4251 abbatissae,
3255 4203 3474 4257 eamque
3497 4203 3655 4260 roga-

2089 4281 2164 4334 vit
2201 4289 2258 4334 ut
2293 4279 2342 4333 ei
2380 4280 2690 4347 praeciperet
2735 4287 2996 4345 quatenus
3055 4288 3217 4333 totam
3266 4280 3654 4338 hebdomadam

2091 4370 2206 4425 sine
2233 4370 2353 4425 cibo
2375 4371 2698 4440 persisteret.
2728 4369 2824 4423 Cui
2851 4370 3118 4425 abbatissa
3149 4372 3318 4426 dixit:
3347 4373 3448 4427 Fac
3484 4372 3646 4439 quid-

2088 4467 2210 4537 quid
2259 4466 2352 4520 tibi
2400 4464 2598 4519 videris
2647 4464 2797 4519 facile
2839 4479 2988 4528 esse,
3036 4465 3142 4520 ﬁlia
3189 4480 3321 4521 mea.
3369 4465 3502 4519 Deus
3545 4464 3642 4533 qui

430 4554 523 4610 sed
549 4564 760 4624 reporta
779 4569 873 4609 eos
898 4554 950 4608 in
978 4555 1151 4609 locum
1180 4568 1355 4609 suum.
1388 4555 1476 4608 Illa
1499 4568 1623 4608 vero
1650 4554 1826 4609 denuo
1859 4570 1988 4610 con-
2013 4539 2069 4600 Β
2090 4559 2286 4614 creavit
2313 4569 2364 4612 te
2391 4558 2668 4612 conﬁrmet
2695 4566 2765 4620 te,
2793 4565 2845 4609 et
2871 4566 3052 4612 contra
3070 4557 3332 4613 diabolum
3360 4555 3516 4610 donet
3539 4555 3642 4613 tibi

429 4649 656 4703 ﬁdenter
671 4647 961 4718 iussionem
982 4648 1260 4702 abbatissae
1281 4661 1392 4702 suae
1413 4649 1709 4718 complevit.
1732 4649 1838 4704 Hoc
1858 4665 1986 4718 ergo

428 4756 561 4812 opus
591 4740 771 4811 viginti
801 4740 912 4796 dies
933 4740 1093 4812 jussit
1119 4756 1235 4797 eam
1258 4740 1449 4806 facere,
1474 4751 1530 4794 ut
1551 4740 1849 4810 patientiam
1871 4742 1986 4811 ejus

428 4835 819 4904 comprobaret.
870 4832 1067 4888 Omnes
1110 4833 1288 4902 itaque
1335 4847 1546 4887 sorores
1574 4833 1820 4888 videbant
1843 4835 1983 4903 quod

429 4924 618 4990 ﬁebat,
667 4931 723 4979 et
765 4922 952 4990 puellae
996 4923 1349 4978 obedientiam
1392 4924 1801 4978 admirabantur.
1853 4925 1987 4980 Aliae

426 5029 634 5084 quoque
655 5029 868 5070 sorores
894 5015 1229 5080 deridebant,
1259 5015 1378 5068 alia;
1413 5017 1778 5070 acclamabant
1803 5034 1816 5069 :
1841 5016 1982 5071 Viri-

427 5106 547 5161 liter
571 5121 687 5177 age,
723 5108 1042 5178 Euphraxia.
1059 5107 1292 5176 Triginta
1319 5122 1445 5162 vero
1474 5108 1587 5162 dies
1615 5107 1814 5176 impleti
1836 5118 1982 5165 sunt.

429 5199 609 5253 Denuo
649 5199 810 5253 divini
856 5201 1030 5268 operis
1055 5199 1414 5255 celebratione
1455 5199 1615 5265 facta,
1644 5200 1732 5255 die
1754 5201 1981 5272 quadam

425 5297 679 5358 pergente
707 5289 1002 5356 Euphraxia
1033 5301 1089 5346 ut
1113 5291 1310 5360 lapides
1337 5302 1590 5358 portaret,
1620 5293 1752 5347 dixit
1795 5295 1843 5349 ei
1888 5296 1984 5350 ab-

425 5377 658 5432 batissa:
685 5377 914 5444 Dimitte,
945 5379 1068 5445 ﬁlia,
1098 5380 1196 5435 hoc
1226 5381 1594 5448 ministerium,
1623 5393 1675 5437 et
1705 5383 1830 5438 tolle
1859 5385 1982 5440 lari-

425 5482 548 5522 nam
576 5474 630 5524 et
658 5481 968 5538 consperge,
999 5480 1051 5524 et
1078 5485 1244 5538 eoque
1268 5486 1432 5540 panes
1459 5472 1512 5526 in
1541 5469 1715 5540 furno,
1747 5482 1806 5528 ut
1832 5474 1980 5530 inve-

424 5559 589 5618 niaris
622 5559 686 5614 ad
717 5574 992 5629 vesperum
1025 5560 1075 5614 in
1105 5562 1395 5617 ministerio
1433 5577 1694 5619 sororum.
1736 5563 1826 5619 Illa
1851 5580 1979 5622 vero

424 5669 546 5708 cum
568 5667 755 5721 magna
781 5652 960 5708 laetitia
983 5662 1037 5707 et
1053 5652 1243 5722 gaudio
1267 5652 1409 5722 jussa
1431 5655 1733 5724 complevit.

493 5744 618 5802 Car.
660 5743 843 5802 XVIII.
865 5775 934 5786 —-
957 5744 1157 5801 Rursus
1191 5744 1424 5802 diabolus
1452 5744 1728 5803 inveniens
1749 5762 1865 5803 eam
1889 5764 1979 5805 va-

2090 4651 2382 4704 victoriam.
2406 4649 2582 4719 Carpit
2606 4649 2763 4720 igitur
2791 4649 3086 4718 Euphraxia
3111 4659 3270 4704 totam
3295 4649 3645 4718 septimanam

2087 4743 2358 4814 jejunare,
2394 4753 2448 4797 et
2473 4758 2645 4811 neque
2672 4743 2923 4809 psallendi
2952 4742 3183 4814 ofﬁcium
3215 4743 3514 4812 dereliquit,
3543 4758 3650 4799 nec

2088 4851 2328 4890 sororum
2352 4835 2725 4901 ministerium,
2749 4839 2815 4888 ita
2841 4845 2898 4890 ut
2916 4852 3101 4892 omnes
3123 4837 3452 4893 tolerantiam
3479 4835 3646 4905 ipsius

2089 4928 2426 4993 mirarentur,
2465 4937 2518 4982 et
2546 4927 2989 4998 pulchritudinem
3031 4929 3188 4982 simul
3237 4937 3292 4982 et
3316 4929 3642 4998 iuventutem

2087 5021 2277 5074 aetatis.
2318 5020 2569 5074 Dicebant
2596 5028 2769 5074 autem
2797 5020 3033 5087 quaedam
3063 5020 3130 5073 de
3156 5020 3381 5089 collegio
3425 5035 3639 5076 earum:

2089 5111 2350 5166 Habemus
2374 5110 2531 5166 hodie
2559 5127 2774 5176 annum,
2806 5110 3167 5164 custodientes
3190 5111 3565 5177 Euphraxiam,
3589 5119 3643 5165 et

2085 5203 2356 5258 sedentem
2386 5216 2502 5256 eam
2553 5216 2656 5254 non
2687 5203 2935 5262 vidimus,
2960 5215 3130 5268 neque
3161 5214 3254 5267 per
3283 5199 3423 5254 diem
3471 5214 3645 5268 neque

2086 5308 2180 5362 per
2208 5303 2437 5355 noctem,
2477 5292 2576 5345 nisi
2605 5292 2775 5345 solum
2805 5289 3016 5360 quando
3046 5289 3407 5358 requiescebat
3439 5288 3492 5343 in
3523 5289 3644 5344 loco

2085 5399 2184 5438 suo
2222 5393 2396 5438 nocte.
2443 5381 2716 5451 Nunquam
2756 5381 2896 5435 enim
2925 5379 3082 5445 sedit,
3128 5380 3209 5433 vel
3239 5380 3454 5449 quando
3482 5381 3642 5435 etiam

2084 5487 2271 5542 panem
2297 5472 2549 5527 comedit.
2599 5470 2794 5525 Omnes
2819 5485 2944 5540 ergo
2978 5483 3186 5524 sorores
3213 5469 3504 5540 diligebant
3535 5469 3642 5524 Eu-

2084 5564 2375 5632 phraxiam,
2416 5561 2535 5631 quia
2575 5576 2632 5616 se
2671 5561 2741 5614 ita
2781 5560 3048 5614 humiliter
3083 5562 3386 5624 exercebat,
3427 5569 3482 5616 et
3517 5576 3640 5614 cum

2082 5657 2254 5710 studio
2281 5654 2581 5732 famulatum
2609 5652 2880 5706 sororibus
2907 5652 3207 5716 exhibebat,
3229 5653 3352 5707 dum
3376 5654 3643 5722 praecipue

2085 5747 2264 5812 utique
2291 5747 2358 5802 de
2386 5745 2636 5812 sanguine
2664 5743 2918 5814 imperiali
2947 5744 3420 5801 descenderetJ’ro
3449 5759 3554 5814 qua
3583 5759 3641 5800 re
