4020 6228
304 321 406 376 635

1251 317 1407 372 VITA
1445 314 1733 372 SANCTE
1775 308 2188 371 EUPIIRASIAS
2223 353 2236 377 ,
2279 310 2593 369 VIRCINIS.

3415 312 3514 368 658

298 449 500 505 intente
539 443 698 502 nimis
725 459 821 514 pro
848 459 908 500 ea
937 449 1174 510 orantes,
1205 441 1460 510 rogabant
1489 437 1768 493 Dominum
1800 445 1856 490 ut
1884 436 1932 494 Α
1958 445 2057 484 nus
2084 429 2218 499 ejus,
2237 439 2288 483 et
2331 445 2496 499 usque
2523 429 2586 483 ad
2636 431 2754 498 ejus
2780 429 3082 484 calcanenm
3110 431 3288 497 traxit,
3313 439 3368 486 et
3399 445 3518 499 per-

295 542 608 600 salvaretur.

365 637 493 691 Car.
533 632 888 690 XX.-—Fuit
931 639 1102 685 autem
1149 629 1285 683 inter
1312 642 1402 682 eas
1443 624 1707 694 quaedam,
1760 637 1858 675 no-

295 729 442 783 mine
486 727 775 791 Germana,
826 737 981 793 quam
1033 721 1276 775 dicebant
1319 735 1382 772 ex
1429 717 1617 771 ancilla
1665 725 1856 768 ortam.

294 821 424 876 Hac
473 819 719 874 invidiam
752 818 953 870 habens
995 814 1247 868 adversus
1273 811 1652 881 Euphraxtam,
1680 809 1860 862 insur-

295 914 439 969 rexit
465 913 718 966 adversus
745 923 860 964 eam
909 909 962 962 in
1002 906 1225 974 coquina
1273 914 1500 969 secrete,
1530 912 1580 957 et
1611 901 1751 956 dixit
1776 902 1855 955 ei:

294 1009 416 1074 Dic,
453 1004 775 1073 Enphraxia,
807 1017 932 1057 ecce
956 1010 1009 1054 tu
1039 999 1199 1054 semel
1223 999 1274 1053 in
1304 998 1594 1066 septimana
1624 992 1858 1049 comedis

293 1100 586 1156 secundum
623 1096 854 1166 regulam
883 1092 1187 1156 abbatissae,
1210 1099 1263 1144 et
1289 1104 1385 1144 nos
1411 1091 1512 1142 boc
1541 1103 1644 1140 non
1675 1099 1862 1154 possu-

295 1208 417 1248 mus
464 1189 776 1256 adimplere.
822 1186 879 1241 Si
925 1192 1121 1240 coactae
1171 1183 1433 1237 fuerimus
1473 1181 1538 1234 ab
1571 1177 1858 1240 abbatissa,

294 1284 422 1354 quid
461 1280 746 1336 faciemus!
794 1279 891 1334 Ctti
922 1276 1222 1345 Euphraxia
1269 1273 1540 1340 respondit
1582 1289 1594 1324 :
1639 1269 1857 1323 Domina

295 1391 437 1440 mea,
471 1375 681 1429 domina
730 1381 908 1425 nostra
958 1369 1221 1424 abbatissa
1252 1367 1386 1422 dixit
1432 1374 1488 1418 ut
1533 1375 1860 1431 unaquaeque

295 1470 437 1522 sicut
485 1466 678 1535 poterit
718 1464 971 1518 decertet.
1041 1461 1155 1516 Non
1198 1460 1339 1516 enim
1385 1459 1500 1514 sine
1543 1456 1860 1510 necessitate

299 1559 428 1613 Inibi
461 1557 562 1612 hoc
583 1556 764 1626 jugum
794 1554 1064 1620 imposuit.
1097 1553 1235 1607 Dixit
1259 1552 1304 1606 ei
1336 1551 1596 1606 Germana
1631 1565 1643 1600 :
1689 1547 1862 1615 Impo-

297 1649 429 1702 strix
458 1657 511 1702 et
540 1645 682 1700 omni
712 1645 998 1700 calliditate
1037 1644 1210 1713 plena,
1237 1643 1353 1711 quis
1384 1641 1586 1695 nesciat
1614 1639 1733 1708 quia
1763 1637 1861 1692 sub

301 1740 514 1809 ingenio
541 1739 640 1791 hoc
681 1738 813 1805 agis,
845 1745 900 1789 ut
929 1744 1046 1804 post
1089 1734 1454 1804 pausationem
1495 1727 1777 1784 abbatissa:
1805 1736 1858 1780 tu

1964 523 2110 576 venit
2136 537 2300 590 usque
2329 523 2392 574 ad
2438 522 2639 575 tibiam.
2669 523 2797 588 Quae
2824 536 2946 574 cum
2972 522 3191 575 vidisset
3213 520 3520 576 crudelissi-

1962 629 2104 667 mum
2134 614 2322 666 vulnus
2348 614 2521 678 valde,
2551 622 2603 666 et
2629 614 2937 682 sanguinem
2968 612 3313 667 vehementer
3367 611 3514 666 etfu-

1961 719 2116 769 sum,
2169 707 2449 773 projiciens
2494 709 2717 759 securim
2789 706 3083 774 angustiata
3122 714 3176 758 et
3220 721 3272 758 in
3323 714 3518 758 terram

1934 787 2226 864 'prostrata
2275 809 2376 853 est.
2409 799 2544 852 Julia
2569 814 2694 853 vero
2720 798 2972 862 cucurrit,
3004 809 3057 852 et
3079 799 3334 861 clamans,
3368 811 3519 850 soro-

1961 889 2105 942 ribus
2138 890 2396 945 nuntiavit
2420 893 2539 960 quia
2567 891 2862 959 Eupbraxia
2881 892 3144 960 accipiens
3171 891 3422 954 securim,
3453 890 3520 943 de

1960 982 2134 1036 securi
2175 991 2378 1035 mortua
2427 994 2530 1035 est.
2560 981 2798 1051 Cumque
2843 996 3101 1036 concursu
3133 983 3332 1037 clamor
3353 979 3521 1034 factus

1960 1073 2145 1128 fuisset
2169 1075 2558 1137 universarum,
2587 1074 2999 1128 circumstabant
3022 1089 3137 1129 eam
3162 1087 3340 1139 paucae
3361 1070 3519 1124 simul

1959 1176 2013 1220 et
2039 1167 2253 1222 flebant.
2277 1167 2425 1220 Tunc
2443 1167 2702 1221 accedens
2729 1167 3016 1230 abbatissa,
3036 1180 3224 1232 aquam
3249 1165 3299 1218 in
3332 1163 3519 1218 faciem

1959 1260 2076 1326 ejus
2102 1259 2333 1328 misit(4)
2356 1277 2369 1325 ;
2397 1271 2451 1315 et
2478 1260 2794 1329 consignans
2813 1275 2929 1314 eam
2960 1271 3118 1328 atque
3135 1261 3515 1328 complectens,

1959 1352 2030 1406 ait
2059 1353 2108 1408 ei
2134 1369 2148 1406 :
2183 1352 2308 1407 Filia
2340 1368 2454 1408 mea
2484 1352 2801 1422 Euphraxia,
2824 1367 2918 1405 cur
2946 1351 3238 1420 angustiata
3291 1349 3394 1404 es?
3421 1348 3524 1402 Re-

1959 1458 2082 1496 crca
2112 1452 2183 1507 te,
2209 1455 2264 1496 et
2306 1443 2523 1511 loquere
2573 1441 2863 1494 sororibus.
2896 1439 2990 1492 Illa
3021 1455 3146 1494 vero
3182 1437 3518 1507 respiciente,

1964 1535 2228 1590 abbatissa
2249 1534 2382 1588 dixit
2411 1551 2425 1586 :
2461 1533 2682 1586 Domine
2705 1532 2829 1587 Jesu
2859 1531 3087 1591 Christe,
3112 1545 3236 1583 sana
3268 1528 3519 1583 ancillam

1962 1636 2142 1689 tuam,
2187 1626 2435 1694 quoniam
2489 1633 2705 1693 propter
2743 1634 2794 1676 te
2843 1624 3001 1676 multa
3046 1622 3257 1690 patitur.
3295 1619 3360 1672 Et
3403 1632 3523 1672 cum

1965 1716 2178 1787 ligasset
2204 1715 2389 1783 pedem
2435 1714 2554 1784 ejus
2596 1714 2662 1768 de
2693 1729 2864 1782 panno
2893 1713 3124 1777 ciliciuo,
3153 1709 3337 1763 levavit
3369 1722 3523 1762 eam:

299 1801 659 1888 είέυρεεάεεγ
687 1801 861 1883 ﬁred"
905 1801 956 1881 εί,
984 1801 1213 1890 Christo,
1245 1825 1368 1895 quia
1398 1833 1450 1879 ιθ
1485 1835 1750 1890 nunquam
1780 1819 1863 1872 di.
1895 1804 1938 1864 Β
1965 1817 2019 1861 et
2045 1807 2178 1861 dans
2223 1805 2272 1861 ei
2325 1821 2561 1871 manum,
2590 1807 2815 1860 ducebat
2851 1820 2968 1858 eam
3006 1804 3070 1856 ad
3119 1801 3524 1857 monasterium.

300 1922 548 1992 gnabitur
592 1920 658 1973 ad
701 1918 982 1972 abbatissae
1024 1917 1204 1972 venire
1251 1917 1444 1970 locum.
1486 1914 1719 1968 Audiens
1749 1911 1863 1966 hazc

307 2012 621 2080 Euphraxia,
654 2010 939 2079 prostravit
980 2025 1038 2063 se
1084 2008 1148 2062 ad
1180 2007 1341 2078 pedes
1367 2006 1504 2075 ejus,
1534 2015 1588 2060 et
1615 2005 1756 2059 dixit
1796 2003 1862 2057 ad

303 2121 418 2160 eam
448 2122 460 2156 ;
490 2105 705 2171 Ignosce
751 2102 901 2167 mihi,
944 2100 1154 2154 domina
1200 2115 1337 2163 mea,
1383 2110 1436 2153 et
1483 2113 1575 2150 ora
1620 2112 1712 2164 pro
1756 2111 1861 2148 me.

302 2194 642 2266 Cognoscens
696 2202 872 2249 autem
928 2192 1191 2246 abbatissa
1237 2190 1376 2259 quod
1427 2190 1596 2243 fuerat
1646 2188 1864 2252 factum,

305 2284 626 2338 Cermanam
649 2299 825 2338 coram
856 2283 1100 2337 omnibus
1122 2282 1346 2347 vocavit,
1377 2281 1613 2350 dixitque
1633 2280 1680 2333 ei
1707 2295 1722 2331 :
1752 2279 1865 2334 An-

302 2374 422 2427 cilla
456 2390 715 2443 nequam,
748 2385 799 2426 et
828 2389 856 2426 a
891 2373 999 2426 Deo
1048 2384 1334 2435 extranea,
1379 2370 1502 2440 quid
1553 2370 1643 2424 tibi
1689 2368 1867 2423 nocuit

306 2466 628 2534 Euphraxia,
657 2464 779 2530 quia
809 2463 1062 2516 festinasti
1092 2463 1320 2516 studium
1361 2462 1476 2530 ejus
1505 2460 1867 2528 abrumpere?

304 2555 488 2616 Aliena
511 2573 570 2614 es
589 2575 617 2611 a
642 2572 883 2611 sororum
909 2555 1155 2623 concilio,
1181 2554 1394 2618 indigna
1415 2569 1472 2606 es
1494 2569 1521 2606 a
1550 2554 1861 2618 ministerio,

306 2663 359 2707 et
385 2651 609 2720 collegio
637 2662 876 2702 sororum
911 2657 1185 2701 extranea.
1217 2645 1315 2699 Cui
1346 2646 1567 2700 multum
1599 2643 1866 2712 supplica-

310 2745 396 2798 bat
426 2741 747 2811 Euphraxia,
796 2749 1058 2808 quatenus
1104 2738 1178 2791 illi
1221 2738 1427 2791 veniam
1471 2736 1785 2803 largiretur;
1816 2745 1868 2789 et

315 2851 416 2889 non
445 2849 558 2890 eam
581 2832 747 2896 ﬂexit,
772 2833 939 2886 donec
975 2831 1322 2900 implereutur
1348 2831 1462 2884 dies
1493 2831 1726 2901 triginta.
1758 2830 1871 2883 Tri-

321 2926 516 2996 gesimo
540 2940 663 2980 vero
692 2926 778 2979 die
806 2926 992 2979 videns
1021 2922 1317 2992 Ettpbraxia
1364 2925 1483 2992 quia
1535 2925 1608 2978 nil
1637 2926 1869 2993 rogando

324 3018 609 3088 proﬁceret,
641 3030 917 3070 assumens
937 3029 1116 3069 secum
1146 3014 1336 3069 Juliam
1369 3024 1421 3068 ιιι
1449 3016 1685 3071 seniores
1714 3018 1868 3070 temi-

319 3124 410 3165 nas
441 3107 770 3172 monasterii,
801 3107 1123 3176 deposcebat
1161 3117 1216 3161 ut
1247 3117 1494 3178 rogarent
1528 3108 1868 3175 abbatissam,

1973 1900 2062 1954 llla
2090 1914 2216 1954 vero
2247 1899 2536 1966 respiciens
2590 1899 2727 1966 ligna
2778 1897 3033 1967 proiecta,
3062 1895 3195 1949 dixit
3215 1894 3486 1948 sororibus
3511 1910 3525 1945 :

1967 1991 2105 2045 Vivit
2134 1991 2390 2045 Dominus
2408 2005 2575 2051 meus,
2606 1990 2704 2043 nisi
2736 1990 2998 2058 collegero
3025 1989 3258 2057 ligna,et
3283 1985 3526 2055 septima-

1966 2098 2089 2136 nam
2114 2098 2284 2136 meam
2315 2081 2651 2150 complevero
2680 2079 2779 2149 (5),
2812 2096 2915 2134 non
2942 2077 3243 2133 ascendam.
3271 2075 3365 2130 Cui
3391 2074 3527 2130 Julia

1965 2173 2297 2240 tlixit:Noli,
2325 2173 2538 2227 domina
2592 2187 2764 2235 soror,
2797 2188 2899 2226 non
2940 2171 3114 2233 vales;
3163 2167 3387 2232 dimitte,
3428 2180 3488 2234 eg

1965 2268 2210 2332 Colligam
2240 2281 2325 2330 ea,
2353 2277 2407 2320 tu
2433 2267 2679 2330 ascende,
2713 2267 2984 2332 requiesce
3027 2275 3238 2334 pr0pter
3265 2261 3521 2316 dolorem.

1970 2357 2058 2412 Illa
2091 2375 2217 2413 vero
2265 2374 2372 2411 non
2415 2358 2699 2426 acquievit,
2729 2357 2819 2411 sed
2867 2357 3141 2425 ctvmplens
3191 2369 3374 2408 manus
3403 2367 3524 2408 snas

1969 2449 2142 2518 lignis,
2171 2450 2248 2503 sic
2275 2448 2532 2502 ascendit.
2563 2447 2657 2501 Cui
2679 2457 2852 2502 tamen
2879 2448 3118 2501 diabolus
3140 2462 3243 2499 non
3267 2444 3524 2514 pepercit.

1967 2543 2096 2596 Nam
2115 2556 2231 2597 cum
2250 2539 2570 2596 ascendisset
2589 2541 2888 2608 superiores
2913 2540 3106 2609 gradus
3124 2539 3302 2603 scalae,
3322 2549 3530 2591 calcans

1969 2632 2323 2688 summitatem
2372 2629 2561 2683 tunicae
2616 2644 2746 2693 suae,
2781 2644 2936 2697 super
2981 2628 3154 2696 ipsum
3196 2627 3390 2694 lignum
3423 2624 3527 2678 ruit

1968 2726 2107 2794 quod
2156 2723 2416 2793 portabat,
2439 2732 2493 2778 et
2520 2725 2684 2776 fixum
2717 2730 2797 2775 est
2828 2722 3026 2792 lignum
3057 2722 3109 2774 in
3151 2725 3365 2786 aspectu
3391 2716 3530 2787 ejus,

1971 2817 2039 2871 ita
2066 2825 2124 2870 ut
2151 2830 2362 2869 sorores
2375 2814 2662 2868 crederent
2689 2815 2807 2883 quia
2839 2814 3033 2882 lignum
3056 2811 3172 2881 ejus
3193 2809 3403 2865 oculum
3433 2824 3530 2878 pe-

1973 2919 2251 2964 netrasset.
2276 2908 2425 2962 'I‘unc
2472 2908 2778 2962 exclamans
2830 2906 2991 2970 Julia,
3020 2906 3094 2959 ait
3139 2903 3204 2957 ad
3234 2917 3390 2957 eam:
3423 2901 3530 2956 Do-

1974 3005 2113 3058 mina
2144 3019 2281 3068 mea,
2317 3002 2408 3055 tibi
2436 3000 2693 3069 dixi.quia
2750 3015 2854 3053 non
2882 3007 3078 3067 ,potes,
3101 3008 3458 3062 requiescere,
3479 3003 3534 3048 et

1976 3113 2079 3151 non
2109 3111 2192 3150 me
2220 3091 2546 3148 audisti.Cui
2567 3092 2697 3146 dixit
2729 3091 3027 3158 Euphraxta
3050 3104 3066 3144 ε
3087 3090 3253 3143 Caute
3278 3085 3533 3141 subtrahe

313 3211 566 3270 quatenus
628 3201 675 3254 ei
724 3199 1181 3255 reconciliaretur.
1249 3201 1366 3266 Quo
1413 3201 1584 3265 facto,
1631 3203 1872 3256 evocavit

1976 3204 2004 3240 a
2036 3202 2120 3241 me
2150 3187 2368 3256 lignum,
2397 3185 2579 3239 oculus
2608 3198 2756 3238 meus
2799 3196 2958 3235 sanus
2985 3189 3086 3234 est.
3108 3178 3294 3234 Traxit
3316 3191 3444 3246 ergo
3463 3177 3531 3232 ab

311 3310 425 3349 eam
465 3294 725 3350 abbatissa
756 3308 931 3348 coram
958 3293 1224 3357 omnibus,
1256 3295 1492 3364 dixitque
1527 3295 1586 3349 'ei
1633 3311 1647 3348 :
1692 3295 1873 3349 Nonne

312 3385 608 3456 dijudicasti
640 3386 691 3440 in
720 3385 882 3441 corde
913 3396 998 3439 tuo
1029 3395 1086 3439 ut
1114 3386 1344 3441 studium
1382 3387 1568 3454 puellae
1600 3387 1758 3456 hujus
1777 3389 1874 3441 ab-

313 3477 603 3542 soinderes,
635 3493 733 3532 nec
776 3477 1014 3546 cogitasti
1055 3477 1174 3546 quia
1199 3477 1323 3533 dum
1354 3487 1494 3532 esset
1536 3487 1794 3542 matrona,
1825 3491 1878 3533 et

314 3585 378 3626 ex
409 3569 665 3640 imperiali
695 3585 890 3639 genere
934 3569 1239 3633 constituta,
1289 3571 1583 3625 bumiliavit
1629 3573 1879 3639 semetip-

315 3677 449 3728 sam,
476 3673 530 3717 et
557 3673 770 3732 praptcr
813 3663 976 3718 Deum
1028 3664 1249 3717 servivit
1281 3664 1415 3718 tibi?
1452 3665 1708 3721 Omnibus
1752 3682 1879 3736 ergo

317 3754 620 3823 rogantibus
648 3769 746 3823 pro
769 3753 1030 3809 Germana
1072 3755 1272 3822 placata
1301 3765 1400 3811 est.

386 3844 512 3898 CAP.
553 3843 696 3899 XXI.
723 3845 961 3900 —Tnnc
1007 3846 1244 3901 diabolus
1301 3857 1484 3902 contra
1527 3849 1880 3919 Euphraxiam

319 3937 608 3993 certamina
640 3953 743 3992 non
772 3940 997 3993 cessavit
1040 3941 1394 3998 committere.
1423 3941 1588 3996 Nimis
1630 3945 1772 3996 enim
1804 3943 1884 3998 fu-

321 4031 471 4086 rebat
499 4041 681 4086 contra
711 4047 852 4097 eam,
880 4042 934 4086 et
971 4033 1079 4087 cito
1106 4034 1323 4103 perduci
1350 4036 1562 4091 volebat
1605 4037 1669 4090 ad
1702 4038 1880 4091 linem.

323 4122 433 4179 Una
479 4124 694 4195 quidem
744 4125 969 4189 dierum,
1020 4142 1139 4180 cum
1190 4128 1252 4179 ad
1305 4127 1644 4182 hauriendam
1693 4145 1884 4198 aqttam

324 4214 682 4271 descendisset
702 4215 766 4268 ad
791 4222 1028 4283 puteum,
1052 4217 1336 4285 arripiebat
1362 4233 1477 4272 eam
1501 4218 1741 4274 diabolus
1765 4235 1884 4273 cmn

325 4307 527 4374 lagena,
572 4313 627 4360 et
667 4305 862 4374 dejecit
899 4320 1016 4360 eam
1059 4307 1304 4362 deorsum
1356 4309 1407 4362 in
1449 4319 1697 4377 puteum,
1738 4311 1889 4364 itaut

325 4403 606 4451 nausearet
649 4395 971 4466 Euphraxia,
1019 4406 1076 4452 et
1124 4401 1424 4465 perveniret
1470 4409 1628 4468 caput
1665 4402 1779 4469 ejus
1821 4402 1886 4455 ad

327 4488 567 4542 fundum.
611 4487 825 4542 Elevata
852 4503 979 4542 vero
1006 4487 1073 4542 de
1099 4503 1256 4559 aqua,
1286 4500 1340 4543 et
1371 4500 1556 4545 tenens
1597 4494 1771 4546 funem
1817 4492 1888 4547 si-

1979 3295 2039 3335 ea
2070 3279 2287 3353 lignum,
2320 3288 2378 3332 et’
2413 3275 2680 3346 sanguinis
2721 3273 2855 3328 facta
2895 3280 2980 3328 est
3017 3271 3204 3326 eIIusio
3234 3270 3537 3325 vehemens.

1978 3372 2254 3428 Abbatissa
2274 3386 2398 3425 vero
2425 3369 2667 3423 deferens
2687 3369 2883 3432 oleum,
2904 3375 2956 3420 et
2976 3363 3111 3419 facta
3135 3363 3394 3428 oratione,
3418 3377 3541 3431 sup-

1980 3480 2107 3536 posu
2136 3465 2219 3518 tei
2251 3478 2493 3528 manum;
2524 3474 2836 3528 rursumque
2865 3459 2996 3512 dixit
3018 3458 3084 3512 ad
3113 3472 3229 3512 eam
3257 3473 3271 3510 :
3299 3456 3443 3510 Vade
3470 3457 3537 3508 ad

1980 3564 2200 3611 stratum
2230 3564 2394 3619 tuum,
2419 3554 2707 3623 requiesce,
2730 3563 2781 3606 et
2807 3568 2906 3623 ego
2926 3550 3242 3606 dominabus
3268 3549 3544 3603 sororibus

1981 3651 2330 3705 ministerium
2388 3659 2531 3703 tuum
2581 3646 2815 3716 iniungo.
2852 3644 3156 3712 Euphraxia
3202 3657 3329 3698 vero
3357 3642 3489 3696 dixit
3526 3657 3540 3693 :

1983 3744 2129 3798 Vivit
2155 3743 2404 3796 Dominus
2436 3754 2603 3801 meus,
2631 3740 2752 3809 quia
2799 3755 2901 3792 non
2931 3738 3232 3806 requiesco,
3262 3736 3433 3790 donec
3459 3734 3544 3790 of-

1984 3838 2157 3892 ficium
2216 3851 2388 3889 meum
2437 3833 2796 3902 complevere.
2828 3831 3045 3885 Multum
3085 3846 3226 3884 enttn
3257 3830 3541 3898 rcgabatur

1983 3943 2012 3980 a
2034 3926 2304 3981 sororibus
2334 3934 2389 3979 ut
2409 3925 2756 3993 requiesceret
2779 3933 2993 3990 propter
3018 3921 3194 3992 plagas
3219 3935 3350 3988 quas
3379 3919 3545 3976 habe-

1985 4021 2094 4086 bat,
2127 4031 2179 4075 et
2205 4033 2356 4088 passa
2385 4034 2488 4072 non
2543 4027 2654 4078 est;
2682 4016 2772 4071 sed
2806 4017 2881 4071 sic
2930 4016 3162 4069 ulcerata
3187 4055 3202 4078 ,
3231 4029 3294 4068 ex
3325 4021 3549 4081 utraque

1985 4113 2134 4182 plaga
2181 4110 2433 4180 sanguine
2481 4119 2849 4179 procurrente,
2881 4109 3054 4161 stabat
3081 4105 3430 4160 ministerium
3461 4103 3543 4158 fa-

1987 4202 2132 4256 ciens
2159 4202 2450 4266 sororibus,
2469 4209 2523 4255 et
2552 4213 2722 4269 neque
2749 4198 2800 4253 in
2831 4213 2989 4266 opere
3023 4197 3110 4252 Dei
3141 4196 3343 4261 deerat,
3368 4210 3466 4251 nec
3495 4196 3547 4250 in

1989 4296 2093 4346 alio
2123 4292 2443 4347 ministerio.

2057 4384 2187 4438 CAP.
2211 4382 2399 4438 XXIII.
2425 4381 2703 4437 —Rursus
2727 4382 2901 4451 itaque
2923 4380 3027 4435 alia
3055 4380 3190 4444 vice,
3217 4393 3338 4433 cum
3369 4392 3548 4432 ascen-

1990 4475 2141 4530 deret
2166 4489 2284 4528 cum
2313 4473 2452 4528 Julia
2509 4473 2562 4528 in
2615 4472 2865 4528 solarium
2921 4472 3132 4525 tertium
3154 4469 3257 4538 (6),
3287 4468 3549 4535 arripiens

329 4581 470 4642 tulae,
495 4580 565 4632 ita
589 4579 835 4634 clamavit
857 4581 924 4635 de
953 4591 1108 4643 puteo
1128 4556 1398 4647 ;'Cliriste,
1424 4583 1609 4652 adjuva
1641 4598 1744 4638 me.
1777 4583 1873 4651 Qu:

1992 4583 2110 4623 eam
2164 4567 2425 4631 diabolus,
2451 4564 2794 4635 praecipitavit
2845 4578 2961 4617 eam
3010 4561 3291 4616 deorsum.
3323 4559 3389 4613 Et
3431 4573 3553 4612 cum

327 4685 459 4724 voce
478 4669 635 4736 facta,
656 4672 923 4743 cognitum
947 4680 1028 4728 est
1055 4675 1174 4743 quia
1200 4675 1496 4744 Euphraxia
1527 4676 1813 4730 corruisset
1839 4678 1889 4730 in

330 4771 569 4830 puteum,
622 4773 673 4817 et
745 4776 1121 4822 concurrentes
1174 4781 1386 4823 sorores
1442 4784 1561 4824 cum
1623 4771 1890 4826 abbatissa

330 4854 700 4909 abstraxerunt
720 4870 837 4910 eam
868 4857 934 4912 de
974 4869 1148 4926 puteo.
1183 4859 1310 4926 Quae
1335 4875 1559 4931 surgens
1587 4864 1804 4924 exinde.
1839 4873 1894 4919 et

331 4945 671 5013 semetipsam
715 4947 1052 5018 consignatis,
1097 4951 1316 5006 subrisit
1343 4962 1394 5006 et
1421 4953 1532 5007 ait:
1581 4952 1715 5008 Vivit
1738 4954 1894 5009 Chri-

332 5046 447 5090 stus
476 5051 648 5101 meus,
684 5038 804 5106 quia
837 5055 940 5092 non
968 5055 1051 5094 me
1079 5042 1266 5106 vincis,
1298 5043 1526 5110 diabole,
1563 5061 1734 5115 neque
1758 5048 1893 5100 cedo

333 5126 449 5185 tibi.
490 5126 667 5198 Usque
714 5145 852 5182 nunc
880 5129 1091 5198 quidem
1121 5149 1279 5186 uuam
1328 5134 1564 5205 Iagenant
1618 5139 1888 5203 portabam

331 5235 449 5273 cum
479 5233 611 5287 aqua
640 5221 692 5274 in
717 5221 1028 5288 coqttinam;
1081 5223 1149 5275 ab
1199 5223 1353 5279 hodie
1397 5226 1554 5297 357
1605 5242 1732 5282 vero
1766 5234 1896 5284 dua-

333 5309 430 5364 bus
460 5309 662 5380 Iagenis
687 5327 876 5381 aquam
909 5315 1149 5378 portabo.
1176 5315 1240 5368 Et
1265 5316 1332 5370 ita
1358 5317 1504 5374 fecit.

402 5401 532 5456 CAP.
560 5402 725 5458 XXII.
757 5433 826 5446 —
860 5404 1054 5459 Videns
1084 5407 1263 5476 itaque
1284 5409 1526 5467 diabolus
1546 5413 1668 5479 quia
1693 5429 1807 5469 eam
1841 5414 1893 5472 in

335 5503 491 5562 puteo
517 5509 704 5550 necare
746 5511 852 5551 non
876 5498 1061 5567 valuit,
1092 5513 1300 5554 rursum
1331 5501 1433 5556 alia
1464 5503 1581 5558 vice
1608 5521 1731 5560 cum
1774 5506 1898 5563 des-

335 5582 607 5638 cendisset
629 5583 763 5654 ligna
785 5585 1044 5647 incidere.
1076 5604 1303 5652 cumque
1325 5590 1435 5662 jam
1490 5608 1652 5662 pauca
1676 5597 1894 5653 incidis-

339 5682 441 5739 set,
466 5674 629 5731 astitit
654 5677 897 5734 diabolus
923 5683 1213 5738 observans
1240 5699 1377 5740 eam.
1410 5684 1478 5739 Et
1503 5686 1629 5742 dum
1666 5688 1893 5748 levasset

347 5767 571 5824 securim
600 5775 659 5824 ut
682 5768 877 5840 lignum
909 5773 1193 5842 incideret,
1214 5775 1481 5846 colligavit
1508 5779 1752 5840 diabolus
1781 5799 1891 5839 ma-

1995 4662 2343 4717 exclamasset
2362 4659 2520 4724 Julia,
2547 4666 2926 4713 concurrentes
2956 4670 3189 4722 sorores,
3206 4652 3554 4710 crediderunt

1994 4772 2053 4811 se
2097 4752 2454 4822 Euphraxiatn
2508 4761 2767 4806 mortuam
2819 4749 3078 4804 invenire.
3131 4747 3261 4816 Quae
3309 4761 3556 4818 surgens,

1995 4846 2225 4902 occurrit
2252 4845 2353 4898 eis.
2378 4844 2544 4910 Quam
2569 4843 2937 4912 suscipientes,
2969 4842 3381 4896 introduxerunt
3434 4854 3555 4895 eam

1998 4940 2062 4992 ad
2092 4939 2440 5003 abbatissam;
2466 4937 2910 5008 interrogavitque
2934 4950 3049 4991 eam
3071 4935 3114 4988 si
3146 4936 3198 4989 in
3227 4934 3403 5002 aliquo
3425 4933 3558 4989 fuis-

1995 5043 2077 5084 set
2118 5031 2262 5084 lzesa.
2293 5029 2387 5083 Coi
2425 5028 2725 5097 Enphraxia
2763 5027 3070 5098 respondit:
3103 5027 3242 5081 Vivit
3283 5027 3560 5096 Dominus,

1995 5124 2206 5178 domina
2261 5127 2544 5191 mea,quia
2597 5138 2694 5178 nec
2747 5123 3012 5192 quomodo
3062 5122 3232 5178 cecidi
3281 5123 3425 5190 novi,
3461 5137 3562 5179 nec

1991 5214 2260 5283 quomodo
2305 5215 2531 5268 urrexi.
2557 5213 2788 5267 Audiens
2838 5212 3101 5267 abbatissa
3141 5215 3260 5282 quia
3313 5214 3378 5269 de
3417 5222 3562 5272 tanta

1994 5305 2270 5360 altitudine
2292 5319 2547 5359 corruens
2564 5303 2694 5358 nihil
2717 5313 2858 5359 esset
2879 5303 3021 5371 lassa,
3038 5305 3349 5376 gloriﬁcavit
3365 5305 3560 5373 Deum,

1997 5397 2222 5454 dicens:
2257 5397 2398 5452 Vade
2419 5442 2434 5466 ,
2468 5399 2574 5452 lilia
2603 5397 2669 5452 ad
2719 5411 2852 5468 Opus
2894 5407 3061 5465 tuum,
3091 5408 3144 5453 et
3185 5400 3290 5455 erit
3310 5399 3566 5455 Dominus

1998 5501 2188 5546 tecum.

2065 5583 2192 5635 CAP.
2228 5581 2415 5635 XXI'V.
2446 5612 2516 5622 —
2542 5582 2747 5639 Rursus
2769 5598 2896 5654 ergo
2940 5583 3183 5640 inimicus
3223 5586 3407 5642 volens
3436 5597 3556 5640 eam

1994 5671 2259 5736 occidere,
2288 5672 2366 5726 sic
2390 5672 2749 5730 adoriebatur.
2778 5674 2909 5729 Cum
2929 5675 3234 5745 Euphraxia
3266 5678 3423 5731 ollam
3459 5673 3564 5728 fer-

1998 5772 2210 5821 ventem
2241 5773 2474 5833 teneret,
2507 5765 2558 5822 in
2583 5780 2715 5838 quas
2739 5767 2852 5823 olus
2879 5769 3166 5839 coquebat,
3189 5778 3247 5822 ut
3272 5763 3567 5823 effunderet
