4020 6244
443 311 545 372 635
1413 311 1500 366 DE
1539 310 1713 365 VITIS
1752 308 2032 363 PATRUM
2070 306 2269 362 LIBER
2307 307 2574 364 PRIMUS.
3552 309 3663 368 636

443 427 736 483 coctionem
765 426 968 481 olerum
999 425 1053 479 in
1079 423 1312 491 vasculo,
1343 423 1531 479 ablatis
1573 424 1793 492 pedibus
1819 436 1847 474 a
1878 421 1995 474 dia-
2024 420 2075 480 Α
2099 435 2221 476 eum
2253 421 2303 474 in
2357 430 2577 476 terram.
2610 419 2903 478 Infantulus
2955 429 3132 478 autem
3180 436 3301 478 mox
3343 436 3663 497 exsurgens,

442 523 583 587 bolo,
614 529 901 576 retrorsum
921 519 1139 584 cadens,
1162 519 1282 574 ollae
1327 519 1467 573 illius
1493 519 1787 572 coctionem
1818 518 1868 570 in
1919 516 2001 570 fa-
2099 513 2328 566 cucurrit
2355 512 2419 565 ad
2444 512 2683 582 januam,
2711 527 2951 582 quaerens
2982 523 3202 568 matrem
3226 529 3398 569 suam.
3427 515 3665 575 Correus

441 616 577 671 ciem
628 626 776 668 suam
806 611 962 667 fudit.
999 612 1063 665 Et
1100 611 1223 664 dum
1251 624 1436 664 omnes
1456 624 1666 665 sorores
1701 610 1752 663 in
1795 609 1893 662 hoc
1919 606 2000 660 fa-
2100 617 2272 663 autem
2303 609 2545 674 ostiaria,
2579 609 2838 663 nuntiavit
2865 608 3145 663 abbatissa
3160 606 3302 677 quod
3330 606 3528 662 factum
3557 619 3663 665 est.
3726 605 3745 679 ᾖ

442 716 528 759 eto
557 713 994 771 expavescerent,
1025 702 1276 757 exsiliens
1306 702 1605 770 Euphraxia
1626 742 1642 767 ,
1671 701 1917 765 subrisit,
1948 712 2003 756 et

444 799 517 851 ait
542 797 609 851 ad
651 812 743 851 eas
771 814 784 850 :
816 795 883 852 Ut
909 797 1032 865 quid
1085 797 1303 849 turbata:
1343 796 1505 851 estis?
1543 795 1818 850 Abbatissa
1871 810 2001 850 vero

445 889 628 944 videns
678 890 799 958 quia
830 904 933 943 non
979 888 1164 943 fuisset
1206 889 1329 941 laesa
1353 926 1370 953 ,
1402 887 1631 955 respexit
1655 887 1706 941 in
1732 888 1910 948 ollam,
1946 896 2002 942 et

448 980 583 1033 vidit
606 980 727 1047 quia
748 980 886 1048 quod
914 988 1239 1033 remanserat
1262 986 1403 1032 esset
1428 977 1663 1031 fervens.
1687 977 1755 1031 Et
1779 993 2000 1032 conver-

445 1087 502 1125 sa
529 1070 659 1125 dixit
687 1070 1018 1140 Euphra'xia:
1042 1071 1197 1134 Vere,
1240 1070 1449 1124 domina
1494 1084 1613 1124 mea
1637 1110 1654 1136 ,
1692 1070 1815 1140 quia
1857 1070 2002 1126 velut

444 1176 579 1230 aqua
605 1162 787 1232 frigida
812 1164 955 1217 venit
984 1164 1035 1215 in
1063 1162 1251 1217 faciem
1274 1176 1463 1217 meam.
1492 1162 1761 1216 Admirata
1778 1171 2000 1218 estvero

444 1252 723 1317 abbatissa,
758 1262 812 1307 et
841 1254 1050 1307 intuens
1102 1254 1154 1307 in
1183 1268 1299 1307 eam
1349 1252 1520 1308 dixit:
1557 1253 1721 1319 Filia,
1764 1254 1902 1309 Deus
1950 1264 2001 1310 te

443 1344 720 1407 custodiat,
750 1353 804 1398 et
848 1346 942 1399 tibi
984 1346 1095 1399 sine
1126 1345 1515 1399 intermissione
1563 1345 1789 1400 tolerare
1812 1347 1861 1400 in
1896 1361 1995 1402 suo

445 1433 639 1488 timore
681 1437 955 1488 concedat.
988 1436 1049 1489 Et
1099 1436 1335 1506 ingressa
1366 1437 1631 1490 abbatissa
1682 1437 1993 1503 oratorium,

447 1528 755 1579 convocavit
800 1527 1000 1595 priores
1029 1527 1383 1598 seniores(7),
1411 1529 1649 1597 dixitque
1679 1532 1795 1584 eis:
1824 1529 2000 1586 Nostis

445 1617 565 1683 quia
601 1616 896 1683 Euphraxia
930 1620 1219 1685 promeruit
1239 1619 1459 1688 gratiam
1492 1617 1620 1672 Dei?
1667 1619 2000 1688 Cognovistis

449 1706 591 1761 enim
621 1709 740 1776 quia
795 1725 890 1761 nec
916 1709 1236 1777 praecipitata
1260 1711 1566 1764 contristata
1590 1720 1694 1778 est,
1719 1728 1890 1781 neque
1918 1711 1999 1766 ni-

2099 698 2226 766 Quaa
2271 714 2392 754 cum
2426 709 2670 754 vocasset
2720 713 2940 755 matrem
2987 698 3227 764 infantis,
3255 696 3389 753 dicit
3435 699 3487 754 ei
3519 715 3536 753 :
3570 700 3668 758 Dic

2102 792 2257 855 mihi,
2284 791 2470 861 inquit,
2498 806 2672 857 soror,
2695 800 2902 847 tentare
2951 806 3049 846 nos
3093 788 3315 845 venisti?
3364 790 3667 859 Respondit

2105 896 2279 939 autem
2304 896 2474 939 mater
2489 883 2917 950 infantis,dicens
2940 900 2954 937 :
2981 883 3080 939 Per
3111 882 3390 939 Dominum
3417 892 3662 939 nostrum

2099 974 2276 1031 Iesum
2320 975 2606 1039 Christum,
2634 975 2850 1031 domina
2875 990 3015 1039 mea,
3043 975 3189 1044 quia
3220 988 3398 1043 neque
3416 973 3661 1030 ambula-

2101 1069 2198 1133 vit,
2220 1083 2389 1136 neque
2413 1067 2617 1121 locutus
2640 1076 2723 1123 est
2751 1066 2835 1122 bic
2868 1066 3042 1121 infans
3062 1079 3232 1135 usque
3255 1066 3309 1121 in
3342 1076 3655 1133 prmsentem

2101 1158 2306 1213 horam.
2335 1158 2438 1213 Sed
2467 1172 2587 1212 cum
2614 1158 3072 1227 suscepisscteum
3102 1155 3216 1213 inec
3239 1155 3452 1212 domina
3470 1172 3642 1224 soror,

2099 1268 2225 1307 mox
2252 1252 2455 1306 locutus
2496 1261 2597 1306 est.
2623 1252 2710 1305 Ilia
2736 1266 2861 1306 vero
2889 1249 3171 1320 proj‘i-ciens
3201 1265 3325 1306 eum
3354 1250 3409 1305 itt
3438 1258 3642 1317 terram,

2102 1346 2248 1399 stetit
2271 1342 2668 1413 obstupefacta;
2704 1343 2987 1396 infantulus
3008 1357 3131 1396 vero
3161 1355 3407 1409 surgens,
3431 1340 3565 1396 venit
3581 1345 3645 1399 ad

2103 1455 2189 1493 me
2217 1438 2460 1492 ancillam
2486 1446 2648 1491 tuam.
2671 1436 2805 1492 Dicit
2833 1437 2880 1489 ei
2908 1434 3174 1489 abbatissa
3199 1452 3214 1489 :
3245 1434 3384 1489 Ecce
3410 1449 3535 1504 ergo
3561 1434 3651 1489 ba-

2101 1530 2193 1584 bes
2234 1545 2353 1584 eum
2402 1528 2769 1593 sanum,tolle
2817 1542 2960 1591 eum,
2992 1538 3038 1580 et
3070 1525 3204 1579 vade
3252 1524 3303 1578 in
3352 1538 3504 1594 pace.
3536 1525 3659 1590 Qua:

2100 1636 2374 1676 assumens
2419 1622 2584 1675 filium
2636 1636 2811 1683 suum,
2839 1618 3105 1687 pergebat,
3128 1616 3429 1685 glorificans
3460 1616 3651 1671 Deum.

2172 1710 2298 1765 Cu).
2329 1710 2420 1765 XX
2435 1711 2538 1764 Vll.
2553 1740 2621 1750 —
2640 1710 2865 1763 Rursum
2886 1723 3010 1778 ergo
3030 1708 3287 1761 abbatissa
3313 1706 3449 1761 dixit
3476 1705 3541 1759 ad
3564 1721 3652 1760 se-

449 1798 665 1850 mietate
696 1798 914 1853 fervoris
941 1810 1122 1852 exusta
1153 1812 1250 1853 est.
1282 1800 1351 1853 At
1388 1800 1491 1853 illa:
1536 1801 1780 1854 dixerunt
1810 1819 1823 1855 :
1857 1802 1992 1856 Vere
2028 1809 2072 1868 Β
2099 1804 2272 1858 niores
2293 1815 2531 1856 sorores:
2552 1801 2685 1867 Quid
2709 1800 2855 1856 vobis
2878 1800 2942 1853 de
2966 1797 3265 1866 Euphraxia
3289 1800 3493 1851 videtur
3515 1795 3652 1852 YCui

442 1887 629 1941 ancilia
662 1888 751 1941 Dei
768 1894 862 1942 ‘est
888 1889 1208 1957 Enphraxia,
1227 1900 1278 1943 et
1298 1905 1476 1944 curam
1502 1890 1619 1958 ejus
1643 1890 1801 1945 habet
1822 1890 1998 1944 Domi-

448 1994 589 2045 nus;
623 1995 742 2033 nam
782 1980 834 2034 in
864 1980 1161 2050 bujusmodi
1185 1982 1564 2037 tentationibus
1612 1981 1828 2036 liberata
1853 1992 1936 2037 est
1964 1997 1996 2035 a

443 2070 688 2126 Domino.

513 2163 641 2218 Car.
672 2164 1116 2219 XXV.--—Oinnis
1139 2166 1313 2236 itaque
1339 2167 1522 2221 civitas
1547 2174 1703 2237 atque
1726 2168 1991 2238 provincia

441 2255 877 2309 consuetudinem
902 2256 1124 2310 habebat
1153 2270 1207 2310 ut
1235 2258 1459 2312 infantes
1494 2259 1631 2313 male
1660 2260 1911 2314 habentes
1944 2259 1997 2314 in

442 2344 568 2398 illud
591 2344 911 2401 deducerent
931 2348 1303 2402 monasterium
1325 2390 1341 2414 ,
1365 2348 1428 2402 ad
1457 2350 1674 2404 ancillas
1702 2350 1797 2405 Dei
1840 2351 1996 2405 mira-

444 2436 562 2489 cula
592 2435 864 2503 facientes,
893 2449 948 2494 et
967 2440 1288 2507 suscipiebat
1317 2455 1409 2495 eos
1429 2442 1717 2506 abbatissa,
1748 2452 1804 2497 et
1823 2443 1998 2514 ingre-

445 2529 726 2584 diebantur
770 2529 824 2584 in
870 2531 1156 2585 oratorium
1187 2573 1200 2595 ,
1243 2543 1299 2588 et
1357 2534 1727 2602 supplicabant
1778 2550 1874 2601 pro
1919 2535 1998 2589 eis

444 2617 763 2687 Dominum,
808 2630 861 2676 et
900 2638 1017 2676 mox
1068 2624 1135 2676 ab
1197 2625 1339 2678 omni
1388 2626 1636 2693 languore
1675 2628 1998 2683 sanabautur

443 2711 694 2781 infantes,
724 2725 776 2770 et
825 2714 1144 2785 recipiebant
1173 2732 1263 2770 eos
1317 2728 1513 2772 matres
1554 2721 1784 2789 propriae
1814 2735 1992 2787 sanos,

442 2804 842 2873 proﬁciscentes
869 2817 1026 2875 atque
1050 2807 1405 2871 glorificantes
1457 2808 1641 2862 Deum.
1673 2810 1798 2863 Erat
1821 2820 1996 2865 autem

443 2897 685 2963 quaedam
735 2898 785 2950 iu
819 2900 1138 2953 monasterio
1180 2901 1369 2954 mulier
1396 2914 1773 2970 energumena,
1805 2902 1874 2956 ab
1919 2903 2001 2957 iu-

444 2986 607 3041 fantia
637 2989 863 3057 obligata
903 2991 956 3045 in
998 2994 1351 3058 monasterio,
1379 3003 1635 3060 quatenus
1681 2995 1996 3061 salvaretur,

443 3092 561 3147 quae
588 3078 812 3133 habebat
840 3082 1083 3149 spiritum
1112 3084 1439 3138 immundum
1469 3084 1789 3150 d;entonem,
1820 3087 1997 3156 ligatis

2100 1895 2504 1963 respondentes,
2537 1894 2782 1948 dixerunt
2807 1909 2821 1948 :
2851 1891 2986 1947 Vere
3014 1890 3198 1945 ancilla
3229 1891 3315 1945 Dei
3346 1900 3446 1944 est.
3473 1889 3643 1944 Voca-

2095 1986 2273 2053 vitque
2326 1996 2537 2049 eam,et
2565 1984 2695 2038 dixit
2736 1984 2785 2038 ei
2818 2002 2829 2035 :
2861 1982 2990 2037 Filia
3023 1997 3137 2036 mea
3176 1982 3488 2049 Euphraxia,
3511 1982 3636 2035 volo

2098 2087 2153 2130 ut
2192 2076 2311 2131 huic
2364 2076 2575 2143 patienti
2629 2074 2730 2144 (8),
2761 2090 2879 2143 qua:
2922 2074 2976 2127 in
3026 2071 3340 2126 monasterio
3391 2079 3500 2135 est,
3544 2086 3645 2139 per

2095 2182 2283 2221 manus
2331 2177 2446 2220 tuas
2492 2166 2667 2220 cibum
2703 2167 2912 2230 offeras,
2935 2165 2982 2219 si
3036 2180 3141 2218 non
3182 2165 3334 2218 times
3371 2179 3510 2221 eam.
3541 2163 3645 2217 Cui

2098 2259 2397 2325 Euphraxia
2419 2257 2690 2324 respondit
2713 2273 2728 2312 :
2749 2256 2869 2311 Non
2891 2258 3071 2321 timeo,
3096 2256 3306 2311 domina
3329 2270 3469 2321 mea,
3496 2254 3652 2323 quid-

2097 2351 2223 2420 quid
2249 2352 2375 2405 mibi
2396 2351 2653 2420 prmcipis.
2674 2349 2899 2405 Sumens
2919 2366 3046 2420 ergo
3066 2350 3370 2419 Euphraxia
3401 2348 3650 2413 quiddam

2099 2444 2389 2509 vasrulum,
2413 2442 2555 2497 misit
2600 2443 2652 2496 in
2685 2442 2809 2496 illud
2837 2445 3079 2510 legumen
3105 2450 3159 2497 et
3206 2441 3446 2512 fragmen
3477 2443 3649 2510 panis,

2098 2548 2153 2590 et
2190 2537 2380 2590 obtulit
2418 2534 2487 2590 ei.
2520 2535 2609 2589 Illa
2635 2549 2761 2589 vero
2788 2542 3005 2602 repente
3027 2534 3274 2589 dentibus
3308 2535 3561 2598 stridens,
3595 2540 3653 2587 et

2097 2632 2248 2686 valde
2290 2631 2543 2696 fremens,
2566 2630 2690 2683 fecit
2732 2629 2985 2698 impetum
3029 2642 3189 2696 super
3207 2642 3323 2681 eam
3357 2636 3659 2698 :etappre—

2100 2722 2337 2777 bcndens
2383 2721 2510 2774 illud
2552 2720 2823 2773 vasculum
2850 2761 2864 2784 ,
2895 2718 3108 2773 volebat
3146 2716 3503 2786 confringere.
3554 2716 3660 2770 Eu-

2099 2814 2316 2883 phraxia
2346 2827 2471 2867 vero
2524 2810 2927 2880 apprehendens
2957 2825 3168 2864 manum
3190 2808 3325 2877 ejus,
3356 2807 3489 2862 dixit
3520 2825 3532 2859 :
3572 2807 3657 2860 Vi-

2099 2908 2173 2959 vit
2202 2905 2455 2959 Dominus
2479 2904 2634 2962 Deus.
2660 2903 2705 2956 si
2731 2913 2783 2956 te
2814 2916 3037 2970 posuero
3067 2900 3117 2955 in
3144 2908 3360 2964 terram,
3386 2899 3516 2954 tolio
3545 2898 3652 2952 vir-

2097 3012 2214 3064 gam
2245 2996 2475 3050 domina:
2522 2994 2826 3059 abbatissae,
2848 3002 2902 3048 et
2929 2993 3007 3045 sic
3029 3002 3080 3045 te
3109 2990 3407 3062 ﬂagellabo,
3442 2999 3498 3044 ut
3516 3006 3657 3044 nun-

2102 3105 2261 3158 quam
2292 3103 2579 3156 prmsumas
2619 3087 2718 3141 hoc
2737 3100 2914 3155 agere.
2942 3084 3141 3139 Videns
3168 3094 3342 3137 autem
3371 3082 3494 3152 quia
3517 3098 3656 3151 prte-

446 3172 710 3240 manibus,
734 3182 786 3225 et
831 3187 1070 3239 spumam
1115 3175 1326 3239 iaciens,
1355 3184 1409 3228 et
1455 3174 1698 3230 dentibus
1730 3178 1841 3231 suis
1866 3179 1994 3233 stri-
2025 3180 2070 3239 C
2103 3179 2353 3234 valuisset
2380 3178 2616 3248 patienti,
2646 3178 2861 3245 quievit.
2895 3178 3179 3246 Postquam
3204 3186 3380 3230 autem
3404 3176 3653 3240 cessavit,

443 3262 595 3328 dens,
630 3264 958 3333 multumque
1003 3265 1260 3331 clamans,
1293 3267 1361 3319 ita
1391 3275 1447 3320 ut
1487 3281 1673 3321 omnes
1719 3268 1998 3324 audientes

443 3372 583 3423 eali),
614 3360 803 3413 timore
839 3358 1195 3414 conciderent.
1225 3360 1292 3412 Et
1334 3375 1454 3414 cum
1495 3360 1795 3427 frequenter
1838 3363 1998 3416 abba-

442 3448 571 3502 tissa
600 3464 718 3503 cum
747 3449 1042 3504 senioribus
1069 3450 1339 3504 sororibus
1371 3466 1466 3518 pro
1493 3451 1664 3505 salute
1697 3450 1859 3522 358
1882 3453 1996 3521 ejus

444 3549 672 3605 orasset,
707 3539 837 3591 nihil
884 3542 1215 3608 promeruit:
1244 3551 1565 3609 quapropter
1611 3556 1709 3596 nec
1753 3544 2001 3596 valebant

443 3644 501 3684 se
526 3630 591 3683 ad
636 3647 751 3685 eam
774 3632 1017 3701 jungere,
1048 3643 1105 3685 ut
1156 3635 1204 3688 ci
1232 3634 1312 3687 vel
1341 3634 1512 3687 cibum
1568 3634 1840 3690 offerrent.
1871 3635 2001 3690 Erat

442 3730 617 3775 autem
652 3722 862 3789 ligatum
916 3723 1179 3791 quoddam
1210 3726 1477 3780 vasculum
1526 3726 1578 3780 in
1602 3727 1746 3791 fune,
1779 3738 1834 3782 et
1881 3729 1998 3796 ipso

443 3813 658 3868 vasculo
689 3814 949 3883 legumina
990 3817 1067 3870 vel
1112 3832 1269 3884 panes
1322 3818 1618 3884 mittebant,
1648 3829 1700 3873 et
1725 3821 1995 3888 appende-

447 3902 602 3956 batur
632 3903 801 3971 ipsum
834 3906 1127 3970 vasi-nium,
1158 3916 1213 3960 et
1235 3909 1313 3960 sic
1339 3906 1390 3961 ei
1412 3910 1479 3962 de
1508 3909 1661 3977 longe
1688 3912 1996 3978 porrigeba-

445 4002 551 4057 tur,
575 4004 631 4049 et
670 3997 739 4049 ita
770 4000 1095 4053 vescebatur.
1154 4000 1478 4069 Frequenter
1518 4014 1692 4057 autem
1745 4005 1999 4073 abjiciens

447 4084 617 4151 ipsum
669 4089 956 4151 vasculum,
987 4105 1106 4142 cum
1159 4093 1302 4162 virga
1342 4092 1672 4161 jaculabatur
1719 4095 1770 4148 in
1806 4096 1995 4151 faciem

442 4174 713 4229 offerentis
741 4177 839 4231 sibi
862 4178 1056 4235 cibum.

517 4269 645 4322 Car.
671 4266 862 4322 XXVI.
888 4301 959 4310 —
988 4268 1095 4324 Una
1117 4285 1241 4324 vero
1272 4271 1476 4326 dierum
1499 4271 1694 4326 factum
1724 4284 1808 4328 est
1833 4282 1890 4328 ut
1919 4275 2000 4328 in-

447 4368 613 4416 traret
646 4362 882 4428 ostiaria,
914 4374 967 4417 et
987 4364 1190 4418 diceret
1233 4365 1512 4419 abbatissa:
1543 4384 1554 4417 :
1587 4367 1805 4422 Domina
1856 4382 1997 4433 mea,

444 4455 634 4510 mulier
659 4456 897 4527 quaedam
923 4456 1231 4511 infantulum
1263 4457 1507 4522 adduxit,
1532 4466 1587 4512 et
1613 4468 1758 4512 stans
1780 4457 1908 4512 foris
1929 4459 1996 4513 ad

2100 3274 2260 3339 cmpit
2301 3270 2596 3339 Euphraxia
2646 3268 2915 3334 blandiri,
2945 3277 2999 3323 et
3044 3268 3259 3323 dicere:
3291 3266 3449 3332 Sede,
3483 3281 3657 3328 soror.

2097 3365 2317 3419 comede
2344 3372 2399 3417 et
2422 3363 2562 3427 bibe,
2589 3370 2642 3415 et
2674 3360 2779 3415 noli
2804 3360 3028 3415 turbari.
3068 3359 3265 3427 lllaque
3288 3359 3460 3424 sedit,
3484 3372 3654 3413 come~

2098 3455 2196 3518 dit,
2229 3465 2282 3507 et
2304 3454 2453 3518 bibit,
2476 3460 2533 3507 et
2560 3453 2834 3521 requievit.
2864 3450 2943 3505 Ab
2986 3450 3073 3504 illa
3099 3450 3226 3503 hora
3264 3449 3373 3519 jam
3401 3450 3473 3502 itli
3506 3450 3655 3501 cibus

2099 3562 2221 3602 eum
2247 3547 2385 3617 virga
2416 3545 2659 3599 dabatur.
2689 3544 2886 3598 Omnes
2930 3552 3107 3597 autem
3162 3555 3375 3597 sorores
3418 3539 3655 3593 videntes

2101 3638 2241 3707 quod
2266 3638 2464 3691 iecerat
2486 3636 2805 3703 Euphraxia,
2826 3634 3047 3688 orabant
3063 3648 3158 3703 pro
3181 3646 3241 3685 ea
3261 3632 3327 3685 ad
3354 3631 3650 3684 Dominum.

2098 3730 2229 3783 Cum
2276 3744 2403 3783 vero
2457 3728 2708 3796 cmpisset
2757 3725 2957 3781 moveri
3005 3733 3058 3778 et
3097 3723 3646 3793 iudignari,dicebant

2098 3820 2163 3873 ad
2194 3834 2308 3873 eam
2340 3833 2589 3872 sorores:
2615 3817 2863 3884 Quiesce,
2889 3829 3062 3876 soror,
3097 3822 3151 3867 et
3193 3814 3298 3866 noli
3330 3812 3601 3881 malignari
3631 3829 3645 3877 ;

2098 3929 2217 3966 nam
2248 3914 2290 3965 si
2320 3913 2524 3966 venerit
2568 3910 2779 3964 domina
2829 3907 3156 3978 Euphraxia,
3188 3906 3480 3975 ﬂagellabit
3502 3916 3581 3971 te;
3602 3916 3651 3960 et

2099 4015 2319 4072 repente
2340 4004 2665 4073 quiescebat.

2166 4096 2293 4150 Car.
2326 4095 2559 4149 XXVIII.
2582 4125 2652 4135 ——
2673 4094 2900 4149 Rursum
2949 4102 3125 4149 autem
3168 4092 3429 4148 Germana
3461 4092 3653 4146 invidia

2097 4187 2464 4249 mordebatur,
2496 4198 2546 4240 et
2570 4202 2661 4241 cor
2684 4187 2798 4253 ejus
2825 4188 3093 4250 urebatur,
3119 4185 3432 4254 dicebatque
3459 4185 3654 4239 sorori-

2097 4281 2194 4337 bus
2229 4299 2242 4336 :
2279 4280 2391 4334 Nisi
2424 4282 2607 4334 luisset
2651 4280 2979 4349 Euphraxia,
3012 4295 3117 4333 non
3170 4279 3531 4333 inveniebatur
3552 4276 3655 4331 alia

2095 4388 2212 4441 qua:
2240 4372 2474 4427 cibumci
2508 4371 2756 4425 olierreti
2795 4370 2973 4423 tollam
2998 4369 3164 4436 cibos,
3189 4378 3244 4423 et
3270 4383 3365 4437 ego
3389 4366 3643 4419 ministro.

2098 4462 2322 4516 Sumens
2352 4478 2480 4529 ergo
2530 4462 2674 4516 cibos
2724 4461 2859 4531 ejus,
2891 4462 3118 4515 accessit
3145 4460 3212 4514 ad
3249 4459 3526 4528 patientem
3549 4495 3563 4519 ,
3590 4464 3645 4509 et
3722 4510 3731 4515 _

438 4544 679 4617 ianuam,
707 4548 884 4603 deﬂet.
917 4550 1010 4603 Est
1038 4558 1209 4603 autem
1234 4549 1526 4604 infantulus
1543 4555 1691 4617 quasi
1737 4566 1995 4606 annorum
2026 4548 2075 4606 D
2103 4554 2234 4607 dicit
2258 4554 2308 4607 ei
2342 4571 2356 4606 :
2391 4553 2586 4621 Accipe
2626 4554 2794 4622 cibos,
2825 4569 2998 4616 soror,
3016 4562 3069 4606 et
3116 4552 3350 4607 comede.
3375 4548 3464 4601 Illa
3514 4561 3645 4601 vero

443 4639 654 4693 circiter
709 4650 850 4705 octo,
876 4640 1213 4707 paralyticos,
1242 4639 1431 4694 surdus
1487 4655 1540 4694 et
1569 4650 1766 4694 mutus.
1800 4639 1996 4695 Videns

444 4741 622 4786 autem
643 4732 928 4796 abbatissa,
953 4731 1136 4801 spiritu
1159 4730 1256 4786 sibi
1286 4732 1577 4792 revelante,
1605 4732 1724 4800 quia
1771 4732 1991 4800 gratiam

450 4824 831 4891 promeruisset
855 4839 884 4876 a
914 4823 1138 4878 Domino
1166 4833 1351 4878 contra
1379 4823 1649 4877 dtemones
1670 4822 1992 4891 Euphraxia,

442 4915 576 4970 dixit
617 4917 847 4973 ostiaria:
879 4935 891 4970 :
923 4918 1061 4972 Voca
1108 4917 1236 4971 mihi
1294 4918 1666 4985 Euphraxiam.
1697 4918 1824 4984 Quae
1866 4932 1988 4971 cum

444 5007 678 5061 venisset
727 5019 850 5063 ante
895 5009 1247 5074 abbatissam,
1278 5009 1409 5062 dixit
1453 5009 1500 5062 ei
1533 5026 1546 5060 :
1585 5006 1723 5063 Vade
1744 5046 1760 5072 ,
1787 5012 1995 5078 suscipe

440 5092 695 5152 infantem
713 5114 742 5152 a
762 5111 925 5157 matre.
944 5118 1062 5168 sua,
1091 5112 1145 5158 et
1166 5101 1312 5157 defer
1338 5105 1458 5159 huc.
1482 5102 1572 5156 Illa
1600 5116 1729 5155 vero
1754 5116 1992 5172 egressa,

440 5194 494 5239 et
543 5187 728 5243 videns
781 5190 1088 5247 infantuium
1166 5193 1507 5263 paralyticum
1552 5200 1605 5246 et
1658 5201 1993 5255 trementem,

443 5275 688 5331 miserata
718 5288 800 5333 est
819 5295 976 5350 super
1003 5298 1120 5336 eum
1141 5299 1153 5345 ;
1177 5292 1232 5336 et
1257 5284 1605 5352 ingemiscens
1627 5281 1887 5347 dolenter,
1916 5283 1989 5335 si-

444 5368 624 5436 gnavit
678 5369 951 5437 infantem,
981 5382 1031 5427 et
1057 5374 1188 5426 dixit
1215 5374 1262 5427 ei
1296 5390 1310 5427 :
1345 5374 1439 5438 Qui
1468 5382 1518 5427 te
1544 5373 1770 5437 creavit,
1800 5373 1910 5439 ipse
1940 5382 1991 5426 te

442 5468 613 5523 sanet,
644 5460 734 5515 iiii.
762 5460 824 5514 Et
847 5476 1059 5517 sumens
1087 5480 1229 5527 eum,
1259 5464 1507 5533 pergebat
1554 5464 1618 5516 ad
1648 5463 1988 5518 abbatissam.

443 5549 617 5605 Infans
642 5566 771 5608 vero
817 5553 940 5607 dum
987 5565 1280 5623 portaretur
1306 5555 1372 5609 ab
1423 5555 1723 5624 Euphraxia
1776 5564 1990 5609 sanatus

438 5656 539 5708 est,
562 5644 884 5701 clclamavit
907 5646 1057 5699 matri
1079 5660 1208 5699 suae.
1243 5645 1435 5701 Videns
1463 5657 1637 5701 autem
1692 5646 1987 5715 Euphraxia

439 5739 559 5808 quia
608 5738 901 5797 infantulus
953 5738 1202 5809 cmpisset
1242 5738 1419 5808 loqui,
1447 5741 1721 5808 perterrita
1771 5740 1992 5811 projecit

2097 4643 2350 4698 continuo
2396 4647 2646 4699 exsiliens
2685 4645 2737 4698 in
2768 4660 2909 4709 eam,
2940 4657 3115 4698 vestes
3140 4642 3253 4713 ejus
3278 4638 3565 4702 conscidit;
3595 4646 3652 4694 et

2096 4744 2381 4788 conterens
2408 4750 2548 4802 eam,
2573 4735 2793 4805 projecit
2815 4735 2866 4788 iu
2894 4743 3115 4798 terram;
3150 4742 3207 4788 et
3252 4731 3459 4786 irruens
3489 4744 3654 4797 super

2097 4825 2438 4893 illam,caapit
2463 4826 2781 4879 manducare
2808 4840 2997 4879 carnes
3024 4824 3161 4893 ejus.
3182 4822 3427 4878 Clamore
3470 4831 3650 4876 autem

2097 4913 2319 4977 facto,et
2349 4916 2487 4969 nulla
2517 4928 2867 4984 przesumente
2887 4916 2933 4968 ei
2963 4917 3651 4985 appropinquare,currens

2097 5004 2231 5059 Julia
2270 5006 2336 5057 ad
2381 5007 2658 5072 coquinam
2679 5045 2694 5069 ,
2721 5005 2854 5059 dixit
2905 5005 3259 5074 Euphraxiae:
3289 5002 3526 5069 Festina,
3558 5002 3651 5057 do-

2102 5094 2262 5158 mina,
2283 5094 2403 5163 quia
2427 5092 2683 5149 Germana
2705 5111 2732 5149 a
2757 5096 2985 5163 patiente
3001 5096 3282 5151 dilacerata
3304 5105 3409 5149 est.
3425 5095 3651 5149 Correus

2100 5197 2272 5239 autem
2318 5187 2632 5255 Euphraxia,
2658 5196 2843 5242 tenens
2869 5203 3053 5242 manus
3096 5189 3345 5258 patientis
3371 5198 3428 5242 et
3450 5197 3653 5257 guttur,

2100 5278 2291 5347 eripuit
2318 5280 2383 5331 ab
2407 5294 2466 5332 ea
2502 5280 2816 5333 Germanain
2850 5292 3173 5335 cruentatam
3200 5290 3255 5335 et
3278 5281 3644 5336 dilaceratam.

2095 5371 2190 5425 Cui
2228 5372 2359 5424 dixit
2411 5371 2709 5441 Euphraxia
2741 5390 2755 5426 :
2790 5374 2928 5428 Bene
2977 5373 3168 5438 fecisti,
3193 5375 3313 5443 quia
3342 5374 3421 5428 sic
3448 5371 3649 5428 contri-

2098 5478 2127 5512 ν
2150 5464 2213 5516 sti
2262 5465 2540 5519 sororem?
2586 5466 2671 5537 Illa
2695 5480 2819 5520 vero
2867 5465 3036 5519 Stabat
3064 5481 3303 5532 spumam
3327 5466 3525 5520 faciens
3547 5503 3562 5528 ,
3591 5470 3645 5517 et

2095 5555 2337 5608 dentibus
2363 5556 2609 5610 stridens.
2646 5557 2784 5610 Dixit
2808 5558 2855 5611 ei
2894 5557 3188 5624 Euphrasia
3216 5573 3230 5611 :
3262 5558 3341 5611 Ab
3364 5558 3463 5611 hac
3516 5554 3645 5608 hora

2096 5652 2137 5705 si
2168 5652 2389 5719 maligna
2432 5652 2589 5706 fueris
2618 5667 2740 5721 erga
2781 5667 3012 5715 sorores,
3042 5668 3144 5705 non
3171 5652 3260 5706 tibi
3282 5650 3434 5718 cedo,
3462 5662 3635 5718 neque

2098 5743 2384 5809 misereor;
2407 5743 2497 5798 sed
2517 5743 2711 5813 virgam
2727 5742 2953 5798 domina:
2970 5758 3101 5800 inea:
3126 5742 3408 5800 abbatissa:
3434 5741 3646 5805 tollam,
