4020 6280
354 219 369 245 Ο

311 374 415 431 637

1272 377 1426 434 VITA
1466 380 1759 439 SANC'DE
1801 382 2214 441 EUPHRASIAS
2243 425 2257 449 ,
2302 388 2611 447 VlRGINlS.

3434 397 3532 451 658

302 500 364 548 et
407 507 526 548 cum
554 507 616 549 ea
664 500 717 550 te
744 492 859 550 sine
906 492 1265 550 misericordia
1298 494 1601 566 ilagellabo.
1627 498 1719 553 Illa
1747 514 1874 557 vero
1905 498 1951 558 Δ
1979 515 2078 554 nus
2104 500 2257 557 Jesns
2286 501 2544 557 Christus.
2575 504 2792 558 Daemon
2816 504 2947 559 dixit
2975 524 2986 557 :
3011 504 3123 559 Non
3158 523 3366 576 possum
3389 514 3538 570 exire

299 584 522 651 sedens,
555 595 775 656 repente
800 588 1050 642 cessavit.

373 699 505 751 CAP.
529 695 724 752 XXIX.
752 695 984 749 —Mane
1030 706 1204 750 autem
1248 697 1399 764 facto,
1428 700 1692 770 completo
1720 717 1871 760 sacro

297 785 362 842 of
363 788 506 852 licio,
529 796 580 842 et
607 787 1000 856 egredientibus
1026 788 1101 841 eis
1145 788 1212 843 ab
1228 791 1482 857 oratorio,
1506 794 1725 848 visitans
1766 795 1873 849 Eu-

299 879 525 947 phraxia
582 882 889 951 patientem.
922 882 1125 937 invenit
1175 898 1295 938 eam
1353 885 1642 953 disruptam
1667 896 1869 944 vestem

298 990 455 1029 suam
487 978 538 1029 in
569 984 761 1029 terram
808 975 1098 1044 proiecisse
1121 1020 1135 1043 ,
1160 984 1215 1031 et
1242 978 1512 1035 sedentem
1538 995 1699 1047 super
1724 998 1866 1048 eam,

297 1077 354 1123 et
385 1068 717 1137 colligentem
742 1077 969 1134 stercus,
988 1079 1041 1123 et
1058 1069 1449 1127 comedentem.
1472 1074 1541 1128 At
1566 1074 1867 1145 Euphraxia

298 1171 358 1216 ut
389 1161 540 1227 vidit,
573 1162 736 1224 ﬂevit,
765 1170 821 1217 et
860 1177 980 1232 qua:
1017 1160 1150 1217 facta
1178 1163 1387 1219 fuerant
1434 1166 1712 1224 abbatissae
1732 1185 1869 1223 nun-

300 1253 893 1309 tiavit.Convenientes
940 1268 1067 1307 vero
1112 1269 1357 1321 sorores,
1387 1255 1704 1313 invenerunt
1748 1274 1866 1315 eam

299 1347 520 1410 nudam,
553 1355 608 1402 et
659 1346 995 1411 colligentem
1035 1347 1281 1417 pblegma
1310 1390 1325 1414 ,
1366 1360 1421 1404 et
1474 1353 1863 1409 comedentem.

302 1436 445 1491 Dixit
494 1447 669 1491 autem
725 1437 990 1491 abbatissa
1038 1445 1095 1492 ut
1135 1437 1353 1493 daretur
1380 1441 1429 1495 ei
1459 1441 1559 1495 alia
1590 1444 1785 1511 tunica,
1810 1452 1868 1499 ut

297 1528 605 1583 vestiretur.
638 1527 866 1583 Sumens
922 1528 1099 1594 itaque
1146 1527 1455 1598 Euphraxia
1510 1530 1760 1601 tunicam,
1813 1542 1869 1590 et

299 1618 639 1688 paropsidem
664 1634 783 1672 cum
814 1620 1097 1690 legumine,
1128 1629 1183 1675 et
1219 1620 1455 1691 fragmen
1480 1624 1650 1691 panis,
1676 1625 1868 1681 obtulit

300 1709 376 1775 ei,
402 1718 455 1764 et
477 1709 611 1763 dixit
635 1726 649 1763 :
673 1709 894 1779 Accipe,
924 1726 1097 1775 soror,
1115 1721 1168 1764 et
1188 1713 1318 1767 vesti
1337 1713 1499 1785 359
1522 1724 1593 1778 te,
1608 1726 1661 1770 et
1687 1726 1859 1788 gusta,

296 1815 464 1869 quare
484 1802 560 1854 sic
589 1810 640 1854 te
666 1801 949 1870 deturpas?
970 1802 1098 1867 Quae
1125 1816 1365 1869 sumens,
1387 1806 1619 1860 comedit
1638 1816 1690 1862 et
1710 1807 1857 1863 bibit.

1975 592 2041 646 ab
2062 608 2154 657 ea,
2185 596 2308 663 quid
2340 610 2423 649 me
2478 598 2845 665 persequeris?
2873 599 2956 650 ubi
3008 597 3181 654 habeo
3239 605 3537 670 proficisci?

1978 682 2281 752 Euphraxia
2313 685 2491 743 dixit:
2525 688 2579 740 In
2622 690 2869 743 tenebras
2922 692 3231 754 exteriores,
3261 694 3309 746 in
3362 696 3530 764 ignem

1974 783 2255 841 aeternum,
2292 777 2342 830 in
2405 779 2605 833 infinita
2655 790 2935 846 tormenta,
2971 793 3147 851 parata
3197 785 3287 839 tibi
3322 796 3375 841 et
3404 791 3533 856 patri

1972 875 2064 923 ttto
2108 868 2338 934 Satanas,
2370 882 2424 926 et
2457 871 2769 927 facientibus
2808 876 3137 930 voluntatem
3178 879 3311 947 ejus.
3339 881 3534 937 Omnes

1972 957 2152 1026 itaque
2202 977 2414 1017 sorores
2465 964 2677 1018 Stabant
2720 966 3068 1034 respicientes
3092 970 3140 1022 in
3174 985 3313 1033 eam,
3342 982 3393 1026 et
3428 989 3534 1027 non

1972 1055 2365 1123 praesumebant
2431 1058 2646 1126 propius
2716 1060 3165 1130 appropinquare.
3223 1063 3532 1131 Eupbraxia

1970 1159 2098 1199 vero
2112 1145 2245 1200 dure
2272 1146 2511 1200 certabat
2535 1163 2654 1201 cum
2677 1147 2917 1203 d:emone
2948 1156 3251 1209 resistente.
3279 1154 3345 1209 Et
3367 1157 3526 1225 rcSpi-

1969 1236 2116 1291 ciens
2145 1236 2196 1290 in
2228 1237 2444 1304 ctelum,
2468 1237 2601 1292 dixit
2626 1257 2637 1292 :
2671 1239 2894 1295 Domine
2914 1241 3039 1297 Jcsu
3067 1244 3292 1309 Christe,
3326 1248 3431 1301 noli
3452 1264 3536 1303 me

1970 1328 2023 1382 in
2079 1328 2178 1382 hac
2208 1328 2334 1383 hora
2366 1329 2641 1399 confundi,
2668 1341 2727 1386 ut
2749 1348 2851 1387 non
2884 1334 3061 1388 vincat
3095 1353 3181 1393 me
3211 1338 3295 1393 hic
3325 1338 3533 1394 daemon

1968 1417 2292 1475 immundus.
2322 1419 2385 1474 Et
2406 1422 2658 1475 continuo
2684 1422 2891 1478 dzemon
2934 1439 3275 1496 Spmnans,et
3304 1431 3534 1486 stridore

1967 1512 2130 1580 facto,
2157 1515 2393 1570 clamans
2417 1529 2545 1569 voce
2586 1531 2798 1587 magna.
2824 1532 3069 1586 egressus
3099 1532 3180 1575 est
3228 1537 3257 1574 a
3281 1522 3530 1587 muliere,

1966 1613 2021 1658 et
2046 1604 2113 1659 ab
2136 1621 2195 1660 ea
2221 1604 2354 1661 hora
2374 1618 2556 1661 sanata
2574 1619 2676 1661 est.
2698 1608 3059 1665 Cucurrerunt
3085 1622 3262 1666 autem
3290 1630 3525 1682 sorores,

1965 1698 2323 1767 glorificantes
2351 1701 2401 1754 in
2433 1703 2531 1755 hoc
2561 1703 2754 1769 Deum,
2785 1720 3005 1775 magnus
3031 1708 3170 1761 enim
3203 1709 3358 1763 timor
3388 1710 3529 1764 obti-

1966 1799 2152 1843 nuerat
2197 1806 2404 1847 omnes.
2437 1793 2736 1863 Euphraxia
2777 1814 2905 1851 vero
2950 1800 3073 1852 tulit
3126 1800 3421 1869 mulierem,
3473 1811 3531 1857 et

299 1891 365 1944 Et
395 1890 617 1946 induens
662 1906 803 1955 eam.
832 1892 1148 1946 ,ηεηίειηνει
1193 1894 1264 1949 ei.
1316 1896 1613 1964 Euphmxia
1664 1914 1793 1954 vero
1830 1914 1859 1955 a
1894 1877 1941 1938 B
1966 1879 2130 1933 abluit
2174 1896 2289 1935 eam
2318 1898 2473 1952 aqua,
2505 1896 2557 1939 et
2585 1886 2751 1939 induit
2785 1903 2901 1943 eam
2926 1889 3265 1956 vestimento,
3297 1900 3352 1944 et
3377 1892 3529 1947 duxit

300 1982 557 2051 lacrymis
606 1998 709 2036 non
761 1988 1025 2049 ceSsavit,
1055 2000 1220 2055 usque
1266 1987 1332 2042 ad
1373 2003 1647 2058 vesperam
1679 2009 1773 2059 pro
1801 2008 1863 2048 ea

300 2089 538 2145 gemens.
570 2075 684 2142 Quo
704 2090 821 2129 cum
853 2078 1201 2145 pervenisset,
1229 2094 1353 2135 mox
1406 2083 1740 2153 supplicabat
1766 2087 1863 2143 Do-

301 2165 445 2219 mino
472 2182 590 2220 cum
616 2166 955 2238 larrymis,ut
976 2170 1058 2223 illa
1087 2172 1293 2239 patiens
1309 2187 1604 2231 sanaretur.
1623 2178 1865 2235 Diluculo

299 2267 428 2309 vero
480 2257 746 2326 abbatissa
796 2275 990 2315 vocans
1033 2261 1409 2330 Eupltraxiam.
1441 2267 1576 2321 dixit
1625 2270 1673 2323 ei
1707 2287 1723 2324 :
1755 2270 1864 2325 Cur

296 2360 384 2399 me
411 2349 620 2417 celasti,
653 2366 835 2420 preces
861 2354 1090 2409 offerens
1122 2355 1234 2412 Deo
1272 2373 1369 2427 pro
1396 2359 1493 2413 hac
1518 2363 1781 2429 patiente?
1807 2365 1860 2421 Si

296 2438 694 2496 manifestasses
732 2442 884 2508 mihi,
914 2454 968 2499 et
993 2460 1092 2515 ego
1132 2448 1247 2501 sine
1297 2448 1457 2503 dubio
1492 2455 1741 2508 venirem.
1767 2455 1861 2510 Cui

295 2528 600 2597 Eupltraxia
624 2532 757 2585 dixit
781 2550 793 2584 :
826 2534 1039 2604 Ignosce
1064 2536 1584 2607 mihi,domina,vidi
1613 2560 1727 2599 eam
1752 2556 1863 2600 tur-

296 2622 432 2690 piter
459 2625 684 2690 positam
717 2635 771 2680 et
800 2627 1081 2690 infirmam,
1108 2639 1161 2683 et
1177 2629 1318 2684 dolui
1344 2647 1503 2700 super
1522 2650 1661 2689 eam.
1685 2637 1860 2690 Abba-

297 2715 421 2770 tissa
451 2730 579 2770 vero
604 2716 736 2771 dixit
765 2736 776 2770 :
818 2717 995 2774 Habeo
1018 2719 1108 2772 tibi
1138 2720 1338 2790 aliquid
1369 2724 1644 2791 conﬁteri,
1668 2736 1722 2780 et
1741 2726 1859 2783 vide

300 2823 370 2863 ne
405 2808 624 2862 Satanas
677 2818 842 2864 tentet
870 2817 943 2872 te,
976 2820 1029 2865 et
1056 2810 1217 2866 elatio
1246 2812 1336 2867 tibi
1380 2827 1685 2885 generetur.
1719 2817 1857 2873 Ecce

303 2897 401 2951 tibi
446 2897 681 2954 Christus
732 2909 1045 2967 potestatem
1095 2902 1236 2958 circa
1268 2918 1361 2959 eos
1399 2906 1563 2971 dedit,
1592 2918 1649 2961 ut
1678 2907 1858 2977 ejicias

308 3001 420 3041 eos.
450 2989 679 3043 Audiens
728 2989 840 3044 haec
887 2992 1209 3060 Euphraxia,
1238 2995 1380 3050 misit
1408 2996 1644 3053 cinerem
1698 3015 1857 3069 super

308 3086 465 3146 caput
506 3094 689 3145 suum;
716 3092 770 3135 et
800 3093 1144 3149 prosternens
1182 3089 1520 3154 semctipsam
1551 3090 1603 3143 in
1634 3098 1854 3157 terram,

298 3171 543 3226 clamavit
567 3174 753 3230 dicens
781 3194 793 3227 :
823 3177 955 3242 Qua:
983 3192 1100 3232 sum
1131 3193 1229 3249 ego
1260 3179 1443 3236 infelix
1470 3191 1525 3237 et
1563 3183 1851 3250 immunda,

1965 1972 2031 2025 ad
2062 1972 2381 2027 abbatissam
2400 1992 2543 2045 :qure
2569 1994 2668 2030 una
2692 1994 2808 2031 cum
2832 1981 3104 2035 sororibus
3127 1982 3531 2039 introduxerunt

1965 2078 2081 2115 eam
2127 2063 2179 2116 in
2216 2066 2617 2134 monasterium,
2652 2079 2704 2123 et
2731 2070 2952 2138 gloriam
2984 2072 3243 2127 dederunt
3274 2074 3382 2129 Deo
3434 2090 3529 2145 pro

1964 2141 2103 2207 facto
2131 2156 2406 2210 miraculo.

2032 2247 2163 2302 CAP.
2186 2248 2351 2304 XXX.
2378 2280 2446 2290 —
2474 2250 2553 2305 Ab
2580 2250 2667 2304 illa
2697 2268 2822 2305 vero
2855 2251 2977 2307 liora
3010 2253 3303 2309 bumiliavtt
3334 2272 3391 2310 se
3414 2271 3513 2310 am-

1966 2336 2100 2402 pleus
2132 2337 2451 2407 Euphraxia,
2479 2350 2530 2393 et
2557 2342 2670 2393 sine
2700 2356 2889 2394 somno
2920 2351 3024 2395 tota
3078 2355 3231 2398 nocte
3274 2347 3529 2414 persiste-

1960 2428 2052 2483 bat
2080 2444 2093 2483 :
2124 2445 2332 2482 omnem
2363 2446 2495 2483 vero
2548 2431 2928 2485 hebdomadam
2974 2434 3267 2503 jejunabat,
3302 2447 3356 2491 ut
3400 2452 3530 2492 cono

1960 2530 2248 2586 suevcrat,
2304 2522 2417 2575 sine
2474 2521 2681 2575 defectu
2746 2526 2943 2579 faciens
2996 2529 3199 2580 cunctis
3259 2530 3528 2584 sororibus

1959 2614 2335 2680 ministerium,
2367 2625 2420 2670 et
2464 2631 2584 2669 cum
2637 2619 2777 2669 omni
2826 2618 3003 2671 studio
3048 2631 3206 2688 atque
3253 2621 3428 2674 Iaatitia
3474 2622 3527 2677 in

1958 2708 2360 2761 mansuetudine
2405 2716 2562 2777 atque
2610 2708 2905 2763 humilitate
2953 2711 3191 2780 degebat.
3243 2710 3353 2766 Una
3398 2727 3524 2767 vero

1958 2797 2161 2851 dierum
2192 2800 2457 2854 abbatissa
2509 2798 2633 2854 vidit
2684 2800 2965 2866 visionem,
2996 2812 3049 2856 ct
3093 2804 3399 2857 conturbata
3446 2819 3525 2861 est

1957 2891 2320 2947 vehementer.
2374 2892 2577 2961 Rogare
2628 2905 2803 2949 autem
2849 2906 3124 2963 cmperunt
3178 2913 3294 2950 eam
3341 2912 3524 2951 omnes

1957 3000 2189 3051 sorores,
2219 2989 2574 3057 supplicantes
2620 2998 2674 3044 et
2723 2990 2957 3044 dicentes
2990 3007 3005 3046 :
3054 2992 3321 3048 Conlitere
3350 2994 3521 3060 nobis,

1958 3078 2172 3133 domina
2203 3080 2492 3145 abbatissa,
2521 3098 2617 3136 cur
2646 3082 2719 3135 sic
2751 3081 3072 3154 ingeniisi-is,
3099 3095 3152 3139 et
3177 3096 3383 3141 nostras
3404 3088 3522 3141 ani-

1958 3187 2071 3225 mas
2096 3170 2253 3226 simul
2281 3174 2492 3241 afﬂigis.
2524 3176 2587 3228 Et
2632 3173 2763 3228 dixit
2792 3191 2806 3226 :
2839 3176 2951 3229 Non
3000 3193 3082 3229 me
3130 3179 3328 3246 cogatis
3355 3194 3519 3247 usque

296 3273 352 3317 ιιι
402 3265 694 3322 (immanem
748 3278 948 3324 ιηιιιυηι
999 3272 1261 3338 expellam
1286 3313 1302 3338 ,
1326 3289 1481 3344 quem
1514 3287 1723 3331 omnes
1760 3293 1853 3346 ρει-
1881 3253 1926 3318 C
1957 3261 2006 3317 in
2036 3264 2342 3318 crastinum.
2380 3265 2633 3319 Dixerunt
2659 3265 2705 3320 ei
2737 3266 2972 3320 seniores
3021 3283 3231 3320 sorores
3264 3284 3279 3319 :
3328 3265 3517 3336 Crede,

293 3364 494 3410 tantum
545 3369 753 3428 tempus
804 3377 907 3414 non
964 3363 1204 3428 potuistis
1257 3365 1560 3432 expellere?
1613 3368 1749 3422 Dicit
1800 3368 1848 3422 ei

292 3449 558 3504 abbatissa
588 3469 600 3504 :
628 3451 757 3506 Filia
800 3468 915 3507 mea
934 3495 948 3517 ,
979 3463 1030 3510 te
1051 3457 1345 3512 sustinebat
1372 3458 1471 3513 hoc
1501 3468 1730 3531 tempus,
1761 3476 1852 3515 co-

293 3540 436 3609 piosa
484 3552 568 3597 est
616 3552 700 3598 tua
733 3560 941 3599 merces
991 3546 1043 3600 in
1068 3548 1224 3605 caalo.
1255 3547 1493 3618 lngressa
1542 3564 1717 3606 autem
1746 3551 1850 3606 Eu-

288 3631 507 3700 phraxia
523 3638 921 3697 monasterium.
940 3636 1507 3707 projecitsemetipsam
1525 3654 1647 3697 ante
1658 3644 1845 3711 altare,
1876 3682 1879 3683 ν

290 3725 593 3794 supplicans
641 3727 771 3792 Deo,
805 3737 862 3784 ut
912 3729 1156 3797 precibus
1202 3730 1321 3801 ejus
1368 3743 1668 3799 sanaretur,
1698 3745 1751 3789 et
1779 3736 1846 3790 de

288 3818 499 3871 excelso
544 3820 760 3873 daretur
812 3822 1084 3876 auxilium.
1124 3822 1193 3877 Et
1217 3838 1439 3893 surgens
1489 3842 1516 3877 a
1549 3826 1848 3895 pavimento

287 3922 466 3971 orans,
495 3925 701 3963 rursum
728 3912 836 3966 ibat
863 3911 926 3965 ad
953 3912 1262 3981 patientem,
1282 3912 1520 3984 jussione
1541 3916 1844 3981 abbatissae,

285 4008 339 4053 et
367 4015 552 4055 omnes
597 4017 811 4056 sorores
856 4005 1212 4073 sequebantur
1243 4022 1391 4071 eam,
1418 4016 1474 4060 ut
1525 4008 1845 4062 mirarentur

285 4106 401 4159 quae
450 4091 684 4146 facienda
711 4104 882 4149 erant.
927 4094 1008 4149 Ad
1032 4111 1185 4164 quam
1213 4097 1499 4163 accedens,
1531 4099 1605 4152 ait
1637 4117 1649 4152 :
1678 4101 1840 4155 Sanet

285 4188 334 4233 te
367 4182 619 4235 Dominus
660 4199 810 4238 meus
858 4184 1012 4239 Jesus
1038 4185 1303 4253 Christus,
1338 4188 1427 4257 qui
1452 4199 1501 4243 te
1524 4192 1742 4245 creavit.
1776 4192 1844 4245 Et

283 4288 404 4325 mox
438 4273 648 4344 signum
675 4275 846 4328 crucis
880 4276 1003 4329 fecit
1028 4277 1079 4330 in
1132 4276 1307 4331 fronte
1336 4278 1473 4348 ejus.
1500 4280 1615 4334 Mox
1661 4291 1838 4335 autem

280 4365 529 4418 clamavit
556 4380 732 4419 coram
766 4368 1013 4422 omnibus
1039 4385 1050 4421 :
1078 4368 1188 4422 0h!
1218 4371 1481 4437 quomodo
1509 4373 1575 4427 ab
1608 4374 1704 4426 ista
1742 4376 1837 4426 im-

279 4459 511 4524 postrice
564 4467 617 4513 et
644 4459 829 4515 fallace
871 4475 1033 4523 exeo,
1067 4461 1312 4517 habitans
1369 4464 1418 4516 in
1471 4479 1530 4517 ea
1588 4465 1837 4529 plurimos

276 4565 464 4617 annos,
496 4560 547 4605 et
577 4553 749 4608 nullus
771 4568 854 4607 me
884 4553 1155 4621 expellere
1186 4557 1367 4623 potuit,
1393 4564 1446 4609 et
1469 4556 1582 4611 haec
1609 4558 1836 4611 ἰηιηιιιηο

1952 3354 2187 3419 domina,
2219 3355 2355 3423 quod
2387 3357 2428 3409 si
2456 3372 2559 3409 non
2591 3355 2989 3409 annuntiaveris
3020 3357 3188 3419 nobis,
3223 3356 3518 3411 tribulatio-

1952 3461 2071 3499 nem
2105 3462 2345 3515 magnam
2395 3447 2671 3501 animabus
2721 3449 2913 3503 nostris
2966 3449 3180 3513 ingeris.
3234 3449 3513 3503 Abbatissa

1950 3539 2079 3593 dixit
2105 3556 2118 3592 :
2151 3540 2259 3610 Ego
2285 3541 2495 3608 quidem
2522 3542 2661 3609 quod
2693 3540 2925 3596 futurum
2953 3554 3055 3607 est,
3093 3561 3261 3613 usque
3288 3546 3337 3597 in
3369 3544 3509 3597 diem

1956 3630 2242 3683 crastinum
2272 3632 2445 3685 dicere
2476 3648 2579 3686 non
2609 3632 2852 3687 volebam
2881 3650 2895 3698 ;
2924 3634 3015 3687 sed
3046 3638 3164 3703 quia
3192 3635 3378 3703 cogitis
3406 3650 3513 3701 me,

1949 3736 2088 3778 nunc
2110 3722 2284 3775 audite
2316 3740 2328 3776 :
2364 3722 2663 3792 Euphraxia
2693 3740 2787 3777 nos
2819 3726 3017 3779 deserit
3044 3767 3057 3789 ,
3085 3740 3204 3779 cras
3243 3726 3384 3779 enim
3415 3726 3513 3781 hac

1947 3816 2049 3868 vita
2114 3814 2439 3884 privahi‘ur;
2507 3816 2646 3869 nulla
2704 3831 2832 3871 vero
2880 3818 3077 3871 indicet
3125 3818 3173 3871 ei
3216 3832 3282 3871 ne
3323 3817 3527 3872 contri-

1946 3915 2128 3960 stetur.
2162 3907 2252 3962 His
2284 3908 2455 3977 itaque
2483 3907 2668 3971 dictis,
2723 3924 2940 3977 magnus
2966 3909 3192 3979 ejulatus
3233 3924 3326 3977 per
3370 3910 3509 3963 mul-

1948 4007 2026 4051 tas
2070 3998 2223 4052 horas
2266 3999 2428 4052 factus
2458 4009 2555 4053 est.
2596 3999 2705 4055 Una
2743 4010 2920 4054 autem
2964 4017 3206 4055 sororum
3252 4017 3371 4055 cum
3421 4017 3512 4054 co-

1944 4089 2232 4157 gnovisset,
2274 4106 2492 4144 currens
2534 4090 2597 4143 ad
2642 4090 2873 4156 furnum,
2921 4091 3119 4146 invenit
3150 4092 3504 4160 Euphraxiam

1944 4196 2108 4249 panes
2145 4192 2479 4252 coquentem,
2506 4183 2587 4237 cui
2635 4183 2769 4239 Julia
2817 4184 3001 4239 aderat
3049 4184 3333 4240 secundum
3378 4201 3510 4240 con-

1943 4274 2297 4329 suetudinem.
2350 4274 2486 4329 Dixit
2527 4292 2654 4343 ergo
2703 4277 2789 4330 illa
2853 4292 3006 4331 soror
3062 4294 3179 4345 qua:
3227 4287 3445 4332 venerat
3493 4294 3508 4329 :

1939 4365 2246 4435 Cognosce,
2289 4366 2500 4420 domina
2552 4369 2884 4437 Euphraxia,
2938 4370 3060 4440 quia
3098 4372 3238 4426 intus
3287 4385 3508 4439 magnus

1942 4457 2107 4510 luctus
2133 4467 2215 4511 est
2242 4460 2376 4525 apud
2411 4460 2730 4514 abbatissam
2765 4470 2979 4529 propter
3006 4470 3077 4524 te,
3109 4470 3161 4513 et
3189 4461 3325 4530 apud
3354 4475 3507 4516 soro-

1939 4564 2045 4602 res.
2075 4550 2358 4604 Audientes
2380 4562 2551 4606 autem
2586 4553 2697 4607 hmo
2721 4552 2856 4606 Julia
2883 4562 2936 4607 et
2975 4552 3295 4620 Euphraxia,
3319 4562 3502 4621 stupe-

274 4642 342 4697 da
389 4654 546 4710 atque
590 4647 853 4700 luxuriosa
901 4656 1123 4703 conatur
1178 4648 1417 4716 persequi
1448 4652 1564 4703 me?
1595 4648 1692 4703 Cui
1727 4651 1832 4704 Eu-
1864 4635 1916 4694 D
1943 4642 2088 4696 facta:
2118 4654 2260 4706 sunt,
2292 4653 2344 4697 et
2373 4645 2569 4698 diutius
2595 4654 2878 4699 steterunt.
2908 4646 3033 4699 Post
3062 4644 3177 4698 haec
3203 4653 3381 4699 autem
3409 4643 3504 4699 Ju-

277 4735 495 4802 pbraxia
527 4736 687 4791 dixit:
716 4738 828 4791 Non
852 4755 949 4808 ego
1002 4749 1052 4795 te
1110 4756 1415 4811 persequor,
1447 4743 1539 4796 sed
1587 4740 1831 4798 Christus

272 4827 511 4880 omnium
537 4827 694 4883 Deus.
718 4830 858 4882 Dixit
886 4834 934 4885 ei
959 4831 1164 4888 daemon
1182 4850 1193 4883 :
1214 4833 1326 4887 Non
1357 4849 1509 4899 exeo,
1535 4834 1823 4899 immunda,

275 4932 382 4970 non
429 4918 567 4971 enim
625 4920 873 4987 accepisti
918 4930 1229 4987 potestatem
1280 4924 1523 4993 ejiciendi
1573 4941 1677 4980 ine.
1726 4927 1829 4980 Eu-

275 5010 502 5077 phraxia
551 5009 682 5063 dixit
712 5028 723 5063 :
761 5010 869 5078 Ego
890 5012 1153 5069 immunda
1175 5030 1314 5080 sum,
1337 5027 1390 5069 et
1411 5017 1553 5071 omni
1585 5019 1824 5088 maligni-

276 5111 382 5154 tate
442 5101 590 5166 plena
620 5141 637 5164 ,
679 5113 732 5155 ut
786 5112 839 5157 tu
881 5119 1090 5172 quoque
1141 5108 1382 5171 testaris;
1436 5118 1824 5176 verumtamen,

271 5185 488 5256 jobente
521 5186 761 5252 Domino,
789 5190 1041 5255 egredere
1066 5192 1135 5245 ab
1154 5208 1235 5245 ea.
1262 5193 1391 5246 Nam
1411 5194 1455 5248 si
1481 5209 1630 5248 sumo
1656 5194 1825 5250 bacu-

277 5280 381 5332 lum
430 5282 725 5335 abbatissa
771 5282 1042 5351 ﬂagellaho
1100 5292 1172 5337 te.
1219 5285 1483 5339 Cteterum
1539 5288 1826 5344 resistente

274 5359 532 5437 daemone,
555 5380 609 5426 et
646 5373 792 5427 exire
823 5374 1055 5439 nolente,
1077 5389 1290 5429 sumens
1320 5376 1615 5444 Euphraxia
1666 5377 1827 5432 abba-

275 5462 419 5517 tisste
474 5464 740 5529 baculum,
762 5464 895 5518 dixit
927 5466 973 5520 ei
1006 5482 1020 5520 :
1051 5466 1168 5531 Exi,
1197 5475 1288 5521 aut
1317 5479 1460 5523 certe
1483 5479 1704 5539 torqueo
1751 5482 1819 5525 te.

276 5554 565 5623 Respondit
593 5556 637 5610 ei
663 5574 676 5610 :
706 5556 979 5623 Quomodo
1008 5557 1075 5610 ab
1101 5573 1161 5611 ea
1192 5558 1369 5626 egredi
1400 5568 1602 5627 potero,
1622 5575 1739 5613 cum
1762 5561 1829 5615 ab

276 5664 333 5702 ea
349 5648 600 5702 recedere
625 5664 727 5701 non
756 5648 986 5716 possim?
1016 5650 1133 5704 Mox
1162 5649 1322 5720 igitur
1348 5649 1643 5719 Euphraxia
1667 5653 1827 5721 cmpit

272 5737 494 5791 ca-dcrc.
525 5739 587 5792 Et
614 5756 731 5791 cum
762 5739 918 5792 tertio
957 5740 1323 5806 percussisset,
1348 5740 1482 5794 dixit
1516 5760 1526 5794 :
1558 5740 1823 5811 Egredere

270 5841 301 5882 a
330 5831 574 5896 figmento
606 5830 720 5896 Dci,
753 5831 969 5899 spiritus
993 5831 1280 5888 immuude.
1309 5831 1539 5905 increpet
1568 5844 1617 5890 te
1642 5836 1821 5891 Domi-

1939 4735 2004 4788 lia
2037 4736 2165 4790 dixit
2192 4754 2202 4789 :
2234 4735 2460 4789 Putasne
2489 4737 2664 4790 auditu
2695 4738 2892 4792 audivit
2932 4737 3218 4804 abbatissa,
3265 4737 3385 4806 quia
3431 4752 3497 4793 ex

1939 4826 2189 4881 missione
2220 4826 2359 4881 illius
2406 4830 2492 4896 qui
2542 4830 2826 4898 aliquando
2871 4845 3095 4899 Sponsus
3137 4831 3309 4886 fuerat
3357 4840 3499 4897 tuus,

1930 4913 2088 4982 jussit
2117 4922 2399 4987 imperator
2423 4928 2473 4974 te
2501 4921 2687 4976 adduci
2715 4938 2777 4976 ex
2813 4924 3155 4987 monasterio,
3177 4933 3229 4977 et
3258 4931 3499 4992 propter-

1934 5025 1996 5062 ea
2044 5010 2434 5063 lamentantur?
2478 5014 2571 5065 Cui
2625 5013 2926 5082 Eupltraxia
2972 5012 3243 5081 respondit
3291 5027 3305 5063 :
3357 5012 3499 5069 Vivit

1938 5102 2187 5154 Dominus
2215 5117 2363 5156 meus
2388 5103 2548 5174 360
2574 5103 2727 5158 Jcsus
2755 5102 3019 5172 Christus,
3050 5105 3171 5171 quia
3222 5104 3267 5158 si
3312 5104 3492 5160 omnia

1930 5191 2270 5248 fundamenta
2302 5201 2457 5247 terra:
2488 5205 2818 5259 moveantur,
2848 5211 2952 5248 non
3001 5195 3129 5251 mihi
3172 5198 3494 5265 persuadere

1935 5288 2317 5356 praevalebunt,
2350 5298 2403 5341 ut
2430 5288 2696 5342 Christum
2728 5289 3006 5344 Dominum
3038 5307 3211 5345 meum
3254 5282 3489 5349 derelin-

1928 5392 2104 5446 quam.
2136 5378 2744 5445 \'erumtamen,domina
2777 5395 2891 5439 mea
2921 5379 3079 5444 Julia,
3103 5382 3226 5437 dum
3253 5397 3493 5455 coquun-

1932 5479 2016 5525 tur
2050 5486 2227 5539 panes,
2262 5472 2412 5537 vade,
2445 5472 2564 5526 vide
2610 5471 2763 5525 fletus
2796 5472 2944 5539 istos,
2977 5473 3097 5528 vide
3145 5476 3271 5544 quid
3322 5475 3490 5530 conti-

1928 5563 2082 5631 gerit,
2115 5578 2181 5615 ne
2208 5562 2380 5616 anima
2407 5578 2523 5618 mea
2555 5563 2907 5631 perturbetur.
2940 5563 3028 5618 Illa
3077 5580 3204 5619 vero
3234 5580 3484 5638 pergens,

1928 5660 1980 5706 et
2000 5661 2142 5706 stans
2172 5652 2301 5708 foris
2328 5662 2453 5708 ante
2473 5653 2683 5722 januas,
2715 5656 2914 5709 audivit
2956 5656 3220 5710 somnium
3249 5653 3484 5710 abbatis—

1927 5760 2036 5797 sam
2071 5744 2168 5798 Itoc
2198 5745 2355 5799 modo
2381 5744 2699 5801 referentem
2735 5746 2915 5823 :yidi,
2952 5747 3148 5816 inquit,
3177 5748 3321 5815 quasi
3350 5746 3488 5798 duos

1924 5838 2193 5908 ClljUSdalll
2218 5838 2504 5895 schematis
2536 5842 2676 5897 viros
2711 5838 2810 5896 huc
2840 5841 3200 5904 advenientes,
3228 5838 3313 5908 qui
3338 5850 3503 5905 ψιαευσ
