4020 6230
492 313 595 368 659

1511 306 1600 362 DE
1637 303 1812 361 VITIS
1851 301 2130 359 PATRUM
2170 302 2373 361 LIBER
2411 307 2682 367 PRIMUS.

3617 324 3722 381 ﬂio

490 433 677 487 rebant
702 428 1055 501 Euphraxiam
1084 427 1290 492 tollere,
1318 425 1685 494 dixeruntque
1716 421 1842 477 mihi
1878 440 1891 475 :
1924 420 2059 474 Diri-
2086 420 2140 480 Α
2164 429 2246 475 cat
2280 431 2330 479 te
2353 424 2645 483 abbatissa.
2672 428 2763 485 [lla
2794 445 2919 486 vero
2947 445 3158 502 egressa
3188 443 3289 500 est,
3320 435 3536 506 plorans
3564 449 3726 511 atque

489 541 555 596 ge
585 540 723 589 eam,
754 538 885 593 opus
912 523 1089 578 habet.
1124 521 1348 575 Rursum
1378 533 1505 588 ergo
1529 527 1583 571 et
1624 515 1710 571 alii
1757 518 2053 578 venientes,

493 619 740 674 dixerunt
763 617 890 669 mihi
922 633 934 669 :
967 616 1256 670 Assnmens
1288 620 1459 665 tecum
1485 608 1863 678 Euphraxiam,
1886 607 2057 662 deduc

492 726 610 764 eam
637 717 758 762 ante
783 706 1084 761 Dominum.
1111 705 1277 770 Quam
1309 718 1430 755 mox
1455 716 1754 765 assumens,
1778 699 2055 768 properavi

491 813 610 854 cum
637 798 735 853 eis.
764 797 828 851 Et
857 812 976 848 cum
1010 795 1339 847 venissemus
1383 790 1449 844 ad
1493 791 1774 859 quamdam
1828 800 2055 857 portam,

492 892 644 954 cuius
671 890 891 959 gloriam
915 901 1165 941 enarrare
1189 899 1291 937 non
1316 883 1490 947 valeo,
1515 890 1703 950 sponte
1725 881 1876 936 nobis
1905 896 2060 950 aper—

493 989 550 1035 ta
573 993 672 1035 est.
702 981 767 1034 Et
795 982 1041 1048 ingressa-~
1065 992 1270 1042 sumus,
1297 985 1349 1030 et
1370 975 1594 1028 vidimus
1613 973 1682 1028 ibi
1708 971 2059 1026 inenarrabile

495 1073 740 1140 palatium
772 1075 1007 1133 caeleste,
1044 1069 1094 1122 in
1126 1083 1231 1136 quo
1258 1078 1312 1120 et
1336 1066 1527 1120 solium
1555 1065 1786 1132 nuptiale
1815 1079 1916 1116 non
1949 1079 2060 1114 nia-

493 1179 564 1216 nu
595 1163 809 1216 factum.
839 1163 945 1229 Ego
974 1159 1183 1228 quidem
1217 1158 1436 1211 interius
1484 1156 1911 1224 apprOpinquare
1955 1171 2056 1208 non

496 1255 662 1322 potui.
691 1253 1045 1323 Euphraxiam
1076 1266 1204 1306 vero
1235 1258 1590 1316 assumentes,
1615 1248 1922 1304 obtulerunt
1955 1248 2059 1302 Do-

493 1362 638 1401 mino
668 1365 682 1401 :
715 1357 771 1402 et
798 1346 1102 1416 procidens,
1135 1349 1367 1401 osculata
1397 1355 1479 1400 est
1510 1346 1673 1414 pedes
1701 1344 1815 1414 ejus
1865 1344 2058 1398 imma-

488 1440 712 1494 culatos.
740 1439 858 1494 Vidi
889 1439 959 1494 ibi
987 1439 1120 1494 dena
1145 1438 1307 1493 millia
1338 1439 1668 1505 angelorum,
1716 1452 1778 1491 ac
1822 1435 2060 1491 multitu-

490 1530 669 1585 dinem
695 1539 1000 1586 sanctorum
1044 1530 1480 1585 innumerabilem
1507 1547 1521 1595 ;
1551 1542 1605 1584 et
1633 1543 1820 1584 omnes
1848 1529 2060 1583 stabant

491 1623 837 1689 respicientes
863 1639 877 1688 ;
907 1631 960 1675 et
980 1621 1105 1686 vidi,
1131 1634 1183 1677 et
1207 1637 1331 1676 ecce
1355 1630 1524 1676 mater
1551 1621 1754 1676 Domini
1778 1636 2057 1675 assumens

495 1713 870 1781 Euphraxiam,
900 1714 1120 1769 adduxit
1150 1729 1265 1768 cam
1294 1715 1358 1768 ad
1405 1713 1694 1770 thalamum
1744 1715 2053 1784 nuptialem,

2157 520 2464 574 conturbata
2511 539 2524 575 :
2574 530 2629 575 et
2668 521 2927 592 ingressa,
2974 524 3141 579 astitit
3182 525 3483 593 abbatissae,
3520 530 3727 588 deﬂens

2157 623 2313 682 atque
2340 629 2592 682 moerens,
2624 627 2675 670 et
2702 619 2983 690 gemitibus
3013 621 3170 674 nimis
3197 623 3415 679 afﬂicta.
3441 625 3726 682 Abbatissa

2157 720 2284 759 vero
2327 708 2612 775 respiciens
2658 725 2775 765 eam
2799 752 2815 776 ,
2845 713 2979 767 dixit
3011 733 3023 767 :
3055 714 3189 781 Quid
3223 716 3407 781 habes,
3444 719 3573 787 filia,
3605 723 3724 792 quia

2157 799 2233 853 sic
2256 799 2594 869 ingemiscis?
2625 802 2921 871 Euphraxia
2944 806 3075 861 dixit
3108 824 3122 859 :
3155 808 3352 880 Plange
3379 826 3485 876 me,
3513 815 3724 872 domina

2160 896 2430 962 mea,quia
2453 897 2652 952 scivisti
2673 913 2755 953 me
2769 901 3093 967 morituram,
3111 911 3165 957 et
3189 905 3548 959 nonindicasti
3575 908 3719 974 mihi,

2160 991 2216 1036 ut
2242 984 2542 1055 plangerem
2591 998 2803 1056 peccata
2851 1005 2989 1055 mea,
3036 991 3159 1045 dum
3207 993 3308 1047 sim
3368 998 3436 1048 ab
3479 997 3721 1054 omnibus

2162 1078 2386 1141 peccatis
2413 1078 2770 1146 coinquinata.
2821 1079 2912 1136 llis
2941 1080 3116 1146 dictis,
3142 1098 3199 1137 se
3231 1087 3516 1152 prostravit
3544 1089 3594 1142 in
3630 1107 3719 1158 pa-

2158 1163 2474 1231 vimentum,
2505 1179 2555 1220 et
2587 1170 2754 1224 tenuit
2784 1172 2942 1238 pedes
2970 1171 3274 1239 abbatissa,
3302 1191 3394 1244 per
3419 1193 3569 1248 quam
3601 1196 3714 1236 om-

2160 1270 2226 1308 ne
2247 1257 2526 1312 consilium
2552 1258 2667 1327 ejus
2691 1261 2936 1317 alacriter
2964 1272 3045 1318 est
3073 1265 3406 1332 perductum.
3433 1269 3710 1328 Clamavit-

2158 1360 2261 1412 que
2293 1346 2588 1416 Euphraxia
2620 1361 2674 1405 et
2701 1350 2833 1406 dixit
2860 1370 2873 1406 :
2905 1353 3157 1411 Miserere
3203 1358 3341 1424 mei,
3390 1360 3615 1429 domina,
3657 1375 3709 1420 et

2158 1435 2447 1504 deprecare
2477 1439 2777 1509 Dominum,
2809 1452 2863 1496 ut
2895 1443 3021 1498 mihi
3047 1449 3302 1503 concedat
3327 1452 3408 1505 vel
3443 1469 3597 1508 unum
3624 1472 3712 1510 an-

2160 1544 2308 1594 num,
2339 1530 2458 1597 quia
2489 1529 2603 1586 sine
2633 1533 2939 1601 poenitentia
2965 1553 3079 1591 sum
3102 1579 3118 1602 ,
3163 1550 3216 1594 et
3260 1545 3442 1597 nescio
3484 1561 3600 1613 quae
3638 1563 3719 1602 me

2161 1621 2391 1676 tenebrae
2419 1625 2748 1691 cooperient.
2783 1627 2920 1681 Dixit
2948 1629 2997 1683 ei
3027 1629 3288 1687 abbatissa
3319 1651 3332 1687 :
3368 1635 3506 1690 Vivit
3547 1637 3723 1692 Domi-

2160 1728 2280 1779 nus,
2312 1715 2428 1784 quia
2457 1715 2660 1771 caelesti
2707 1729 2895 1773 senatu
2942 1719 3154 1791 dignam
3199 1732 3250 1779 te
3293 1723 3418 1781 fecit
3463 1745 3554 1783 rex
3604 1739 3722 1784 tuus

492 1803 545 1854 in
576 1817 679 1872 quo
708 1803 912 1857 decoris
940 1819 1190 1858 coronam
1220 1805 1473 1872 parabat.
1496 1813 1550 1859 et
1579 1805 1749 1859 audivi
1779 1820 1958 1860 vocem
1989 1805 2053 1859 ad
2086 1797 2132 1856 B
2157 1800 2418 1859 Chrisms.
2450 1807 2513 1860 Et
2560 1809 2723 1875 ccepit
2769 1809 3013 1865 omnibus
3065 1813 3303 1881 recitare,
3333 1818 3520 1886 quibus
3563 1819 3718 1875 bonis

492 1891 854 1958 Euphraxiam
882 1894 1144 1948 dicentem
1178 1911 1192 1946 :
1225 1895 1360 1949 Ecce
1402 1910 1608 1951 merces
1633 1904 1742 1949 tua.
1769 1895 1916 1949 Nunc
1964 1896 2061 1948 ita-

496 1999 601 2051 que
631 1999 809 2054 perge,
841 1994 961 2054 post
982 1985 1164 2039 decem
1212 1985 1325 2040 dies
1371 1988 1611 2051 veniens,
1657 1987 1832 2043 fruere
1880 1988 1961 2040 his
2007 1988 2058 2041 in

494 2077 702 2130 saeculis
733 2077 969 2132 infinitis.
1005 2078 1070 2130 Et
1097 2078 1215 2132 ideo
1243 2079 1364 2148 quia
1409 2079 1567 2133 hodie
1616 2095 1751 2134 nona
1797 2079 1910 2134 dies
1955 2089 2058 2144 est,

488 2180 554 2223 ex
581 2183 686 2235 quo
711 2169 964 2222 visionem
995 2168 1122 2233 vidi,
1153 2184 1271 2224 cras
1301 2169 1554 2224 morietur
1585 2170 1907 2236 Euphraxia.

559 2259 685 2314 CAP.
709 2259 900 2315 XXXI.
936 2261 1174 2315 Audiens
1208 2265 1321 2316 hate
1351 2262 1490 2318 Julia
1519 2263 1833 2317 recitantem
1859 2271 2061 2319 secrete

490 2354 833 2414 abbatissam,
861 2353 1087 2408 tundens
1117 2365 1297 2423 pectus
1326 2369 1479 2408 suum
1509 2363 1565 2408 et
1610 2355 1818 2416 faciem,
1870 2369 2050 2408 amare

492 2449 694 2504 deﬂens
755 2449 896 2502 venit
945 2450 1010 2503 ad
1069 2448 1372 2514 clibanum;
1416 2459 1469 2505 et
1511 2464 1630 2505 cum
1671 2449 1893 2504 vidisset
1939 2464 2056 2502 eam

495 2541 706 2594 ﬂentem
739 2537 1054 2609 Euphraxia,
1086 2540 1218 2595 dixit
1258 2539 1322 2594 ad
1371 2540 1511 2594 illam
1543 2557 1554 2592 :
1585 2539 1818 2609 Conjuro
1867 2549 1918 2593 te
1969 2555 2062 2608 per

494 2631 683 2685 Filium
716 2631 828 2695 Dei,
861 2647 1012 2686 soror
1041 2632 1204 2694 Julia.
1232 2631 1402 2686 indica
1433 2631 1563 2686 mihi
1609 2632 1733 2702 quid
1762 2632 1978 2699 audisti,
2009 2643 2062 2686 et

492 2737 654 2790 quare
680 2724 900 2791 plangis.
937 2723 1074 2777 Dixit
1104 2725 1153 2776 ei
1182 2723 1317 2778 Julia
1352 2742 1366 2778 :
1397 2724 1618 2792 Plange,
1660 2723 1869 2778 domina
1919 2740 2058 2792 mea,

493 2815 614 2882 quia
648 2812 804 2868 hodie
832 2815 1197 2881 separabimur
1242 2829 1270 2867 a
1311 2824 1401 2881 te;
1447 2816 1584 2870 sicut
1624 2817 1765 2870 enim
1813 2815 1989 2869 audivi
2032 2833 2059 2868 a

495 2902 703 2957 domina
737 2920 847 2958 mea
880 2906 1166 2973 abbatissa,
1195 2922 1317 2960 cras
1343 2922 1408 2960 ex
1440 2907 1540 2962 hoc
1581 2921 1804 2976 corpore
1846 2910 2062 2963 exhala-

498 2995 598 3048 his.
631 2993 778 3061 Quod
827 2995 950 3049 dum
986 2997 1285 3065 Euphraxia
1331 2997 1589 3064 audisset,
1619 3001 1911 3071 augustiata
1958 3011 2060 3065 est,

495 3095 548 3138 et
577 3086 918 3153 pusillanimis
949 3087 1117 3153 facta,
1149 3089 1358 3144 cecidit.
1405 3089 1636 3145 Sedebat
1683 3102 1858 3148 autem
1911 3092 2059 3161 juxta

2166 1894 2320 1949 habet
2349 1895 2446 1950 frui
2477 1899 2799 1966 Euphraxia.
2832 1902 2896 1956 Et
2928 1904 3149 1972 rogabat
3174 1922 3305 1977 eum,
3359 1919 3416 1963 ut
3457 1926 3553 1977 pro
3602 1913 3715 1978 ipsa

2163 1983 2442 2040 Dominum
2473 1989 2814 2056 supplicaret,
2843 2002 3105 2061 quatenus
3149 1996 3260 2064 ejus
3304 2001 3563 2067 particeps
3593 2016 3717 2055 eSse

2162 2088 2476 2132 mereretur.
2501 2081 2696 2134 Orabat
2714 2083 2852 2137 enim
2887 2093 2944 2137 llI.
2965 2100 3083 2138 cum
3112 2102 3173 2140 ea
3218 2103 3621 2145 conversaretur
3669 2092 3724 2146 in

2159 2167 2407 2233 Christo;
2438 2180 2491 2225 et
2520 2171 2646 2241 ipsis
2670 2174 2823 2228 donis
2851 2175 3040 2244 quibus
3070 2178 3184 2247 ipsa
3225 2189 3338 2233 erat
3384 2179 3628 2253 fruitura,
3671 2190 3726 2238 et

2160 2256 2274 2328 ipsa
2301 2260 2585 2317 frueretur.

2230 2350 2358 2406 CAP.
2391 2351 2605 2409 XXXII.
2633 2383 2704 2395 —
2726 2355 3026 2424 Euphraxia
3052 2375 3176 2413 vero
3216 2361 3400 2430 jacens
3443 2363 3508 2417 ad
3560 2364 3724 2433 pedes

2161 2442 2460 2512 abbatissae,
2493 2450 2654 2516 coepit
2675 2457 2857 2505 tenere
2882 2449 3049 2521 frigus
3069 2463 3122 2506 et
3147 2455 3374 2524 rigorem
3401 2473 3414 2516 ;
3449 2467 3567 2525 post
3596 2474 3725 2527 pau-

2163 2533 2322 2588 lulum
2353 2550 2480 2590 vero
2510 2538 2796 2595 vehemens
2826 2557 2940 2596 eam
2977 2544 3134 2598 febris
3183 2548 3395 2602 invasit.
3446 2550 3728 2606 Abbatissa

2162 2640 2289 2680 vero
2317 2628 2590 2683 sororibus
2619 2631 2693 2684 ait
2723 2647 2737 2683 :
2769 2632 2973 2688 Sumite
2998 2651 3134 2700 eam,
3165 2647 3221 2691 et
3265 2640 3620 2709 ingrediamur
3671 2646 3732 2698 in

2162 2719 2472 2786 oratorium,
2501 2723 2621 2787 quia
2647 2723 2754 2790 jam
2783 2727 3166 2797 appropinquat
3195 2733 3323 2784 hora
3356 2731 3494 2801 ejus.
3529 2735 3732 2789 Posue-

2163 2818 2434 2881 runtergo
2472 2826 2587 2866 eam
2621 2812 2672 2867 in
2715 2816 3002 2872 oratorium
3032 2859 3044 2882 ,
3095 2830 3149 2873 et
3200 2822 3558 2877 observabant
3606 2841 3734 2880 eam

2164 2915 2329 2970 usque
2356 2903 2420 2956 ad
2450 2918 2750 2973 vesperam.
2783 2905 3012 2976 Vespere
3038 2922 3213 2964 autem
3255 2911 3414 2980 facto,
3444 2931 3561 2968 cum
3594 2915 3734 2971 hora

2164 2995 2402 3050 sitmendi
2430 2998 2600 3052 cibum
2643 2997 2750 3066 jam
2791 3001 3111 3067 advenissPt,
3158 3007 3403 3072 praecepit
3446 3009 3600 3081 361
3647 3009 3738 3065 eis

2166 3085 2430 3140 abbatissa
2451 3097 2507 3142 ut
2527 3090 2929 3160 egrederentur,
2953 3093 3286 3150 solummodo
3307 3098 3498 3152 Juliam
3543 3117 3734 3156 secum

496 3190 608 3226 eam
635 3173 768 3228 Julia
793 3175 944 3231 flens.
973 3176 1066 3229 Cui
1094 3177 1396 3246 Euphraxia
1424 3178 1556 3233 dixit
1583 3197 1598 3236 :
1625 3180 1809 3246 Sor0r,
1841 3181 1906 3236 da
1934 3185 2059 3237 mihi
2092 3169 2136 3232 C
2169 3179 2424 3244 retinens,
2448 3196 2514 3234 ne
2533 3181 2706 3251 aliqua
2733 3183 2860 3238 hora
2879 3185 3236 3255 relinquerent
3260 3190 3611 3259 Euphraxiam
3635 3210 3651 3259 ;
3674 3203 3739 3251 et

497 3279 707 3318 manum
741 3275 901 3330 tuam,
931 3277 984 3321 et
1008 3267 1117 3321 leva
1149 3284 1256 3332 me,
1286 3279 1341 3323 et
1365 3268 1468 3324 duc
1499 3285 1586 3325 me
1616 3270 1701 3325 ubi
1750 3272 1888 3342 ligna
1938 3284 2060 3327 sunt

499 3354 690 3424 posita,
715 3365 768 3410 et
791 3357 858 3410 ibi
885 3373 969 3412 me
997 3374 1132 3426 pone
1156 3377 1170 3425 ;
1200 3369 1255 3414 et
1280 3361 1402 3416 tolle
1447 3377 1611 3431 panes
1636 3363 1703 3418 de
1749 3364 1978 3427 clibano,
2011 3375 2064 3419 et

499 3458 646 3516 porta
669 3447 727 3502 in
759 3453 1159 3504 monaSterium.
1191 3451 1338 3508 Fecit
1380 3453 1516 3508 Julia
1549 3456 1685 3527 haec,
1706 3462 1761 3511 et
1783 3456 2063 3512 abbatissa:

498 3555 603 3593 non
636 3539 905 3596 indicavit.
933 3542 1063 3597 Cum
1095 3559 1221 3613 ergo
1259 3544 1464 3611 jaceret
1488 3547 1788 3616 Euphraxia
1832 3552 1882 3604 in
1915 3553 2063 3619 pavi-

499 3646 682 3686 mento
706 3633 954 3688 clamavit
1002 3653 1015 3689 :
1063 3635 1192 3699 Cur,
1224 3637 1465 3704 Domine,
1496 3639 1828 3696 abominatus
1872 3657 1931 3697 es
1981 3659 2065 3699 me

499 3725 834 3794 peregrinam
880 3739 930 3781 et
961 3726 1287 3794 orphanam?
1327 3728 1435 3784 Cur
1461 3730 1750 3799 despexisti
1779 3734 1900 3788 me?
1931 3734 2065 3790 Ecce

499 3825 707 3885 tempus
748 3819 959 3887 quando
997 3821 1253 3876 debebam
1293 3835 1412 3877 cum
1457 3822 1669 3879 diabolo
1707 3839 1962 3896 pugnare,
2012 3836 2066 3882 et

498 3910 673 3964 anima
705 3927 818 3965 mea
851 3927 878 3962 a
911 3927 993 3965 me
1020 3914 1306 3982 expetitur.
1359 3914 1676 3970 Misericors
1695 3925 1811 3972 esto
1867 3919 1918 3972 in
1977 3934 2064 3973 me

500 4003 691 4057 ancilla
722 4013 832 4069 tua,
858 4005 1078 4059 Domine
1103 4005 1228 4060 Jesu
1254 4006 1484 4078 Christe,
1516 4009 1723 4065 dimitte
1770 4010 1852 4065 vel
1902 4027 2062 4066 unum

498 4108 716 4157 annum,
745 4106 1004 4165 quatenus
1050 4096 1272 4153 deﬂeam
1328 4113 1539 4168 peccata
1587 4117 1700 4157 mea
1727 4145 1743 4170 ,
1789 4103 1907 4172 quia
1952 4106 2065 4160 sine

501 4186 810 4255 pmnitentia
841 4203 976 4250 sum,
1006 4197 1060 4243 et
1087 4189 1155 4242 ab
1182 4190 1327 4245 omni
1365 4193 1671 4259 paenitentia
1702 4195 1918 4250 nudata.
1949 4196 2063 4250 Non

500 4284 584 4331 est
606 4277 657 4332 in
685 4293 770 4332 me
797 4293 930 4345 epus
956 4281 1137 4335 salutis
1163 4299 1176 4335 :
1207 4297 1326 4336 nam
1349 4298 1506 4338 nemo
1531 4286 1581 4340 in
1611 4287 1816 4343 inferno
1845 4290 2064 4345 confite-

499 4366 642 4424 bitur
670 4368 780 4424 tibi.
817 4370 928 4423 Non
956 4383 1037 4424 est
1067 4373 1373 4441 poenitentia
1419 4377 1470 4430 in
1500 4379 1774 4445 sepulcro,
1807 4397 1911 4436 non
1943 4397 2064 4451 pns-

499 4475 617 4513 sum
647 4468 766 4528 post
791 4471 1014 4514 mortem
1043 4462 1290 4533 lacrytnis
1321 4466 1612 4534 praevalere
1637 4486 1651 4534 ;
1684 4483 1788 4523 non
1807 4471 1945 4524 enim
1973 4473 2059 4540 qui

2167 3269 2358 3324 clausis
2375 3271 2570 3339 januis,
2597 3287 2762 3342 usque
2784 3290 2938 3330 mane
2960 3277 3167 3332 fuerunt
3191 3295 3310 3334 cum
3333 3297 3415 3338 ea.
3438 3283 3572 3338 Julia
3598 3300 3738 3340 vero

2164 3363 2382 3430 rogabat
2410 3364 2788 3433 Euphraxiam,
2813 3367 2997 3423 dicens
3026 3388 3038 3422 :
3066 3371 3285 3426 Domina
3310 3375 3379 3427 mi
3405 3391 3578 3441 soror,
3621 3393 3733 3433 non

2164 3454 2492 3510 obliviscaris
2525 3457 2625 3512 mei
2654 3474 2667 3510 :
2698 3471 2967 3515 memento
2989 3465 3130 3532 quod
3172 3466 3594 3536 inseparabiliter
3631 3472 3732 3527 tibi

2163 3545 2439 3616 coiijuncta
2461 3563 2574 3601 sum
2616 3563 2832 3619 semper
2867 3568 3030 3622 super
3071 3565 3296 3624 terram;
3339 3561 3576 3629 supplica
3621 3564 3730 3617 Deo

2167 3654 2260 3707 pro
2286 3655 2390 3704 me,
2417 3649 2473 3694 ut
2496 3657 2580 3696 me
2604 3658 2709 3696 non
2754 3655 3013 3711 separeta
3056 3658 3126 3702 te.
3167 3649 3430 3705 Memento
3470 3653 3589 3722 quia
3627 3670 3723 3722 ego

2167 3733 2257 3786 tibi
2281 3734 2482 3802 providi
2514 3736 2648 3788 bona
2674 3738 2983 3792 certamina.
3010 3739 3307 3809 Deprecare
3349 3743 3642 3810 Dominum,
3666 3756 3720 3800 ut

2165 3837 2250 3878 me
2269 3825 2501 3878 absolvat
2521 3827 2587 3880 ab
2611 3827 2710 3881 hac
2730 3829 2934 3883 sarcina
2973 3832 3147 3886 carnis
3165 3873 3180 3896 ,
3203 3843 3262 3888 ut
3306 3851 3514 3891 merear
3554 3848 3723 3892 tecum

2165 3915 2313 3970 abire
2341 3933 2459 3970 cum
2493 3919 2701 3973 tiducia.
2735 3920 2886 3975 Mane
2907 3937 3035 3976 vero
3065 3924 3224 3989 facto,
3251 3926 3516 3982 abbatissa
3544 3930 3728 3984 videns

2165 4009 2285 4075 quia
2328 4007 2379 4061 in
2425 4009 2709 4064 novissima
2753 4013 3100 4082 respiratione
3140 4025 3284 4072 esset
3326 4018 3622 4088 Euphraxia
3669 4030 3724 4075 ut

2167 4109 2474 4164 moreretur,
2499 4101 2766 4156 mandavit
2798 4105 3069 4160 sororibus
3105 4121 3203 4175 per
3242 4107 3459 4176 Juliam,
3499 4111 3718 4167 dicens:

2174 4189 2378 4259 Venite,
2403 4191 2526 4246 filia:
2546 4208 2697 4258 meas,
2719 4194 2997 4251 valefacite
3015 4197 3083 4263 ei,
3105 4199 3226 4268 quia
3247 4199 3351 4270 jam
3368 4201 3576 4258 defecit.
3595 4204 3724 4271 Qui-

2168 4283 2265 4337 bus
2283 4285 2634 4354 venientibus,
2649 4288 3018 4345 valedixerunt
3034 4293 3105 4357 ei,
3121 4292 3329 4357 ﬂentes,
3344 4294 3685 4365 dicentesque
3709 4313 3729 4350 :

2169 4376 2431 4432 Memento
2448 4380 2632 4446 nostri,
2655 4381 2868 4436 domina
2888 4396 3040 4437 soror
3061 4383 3382 4453 Euphraxia,
3407 4401 3600 4440 nomen
3625 4389 3723 4442 be-

2168 4469 2433 4525 nedictum
2455 4488 2485 4527 a
2508 4473 2636 4540 Deo,
2660 4474 2748 4544 qui
2774 4484 2826 4530 te
2842 4474 3045 4531 dilexit.
3069 4476 3193 4531 Post
3219 4478 3389 4532 omnia
3419 4488 3593 4533 autem
3630 4495 3726 4535 ve-

499 4549 553 4605 in
580 4552 786 4606 inferno
811 4563 932 4605 sunt
961 4553 1247 4608 laudabunt
1274 4563 1348 4622 te,
1381 4555 1637 4619 Domine.
1682 4559 1775 4614 sed
1825 4560 2060 4617 viventes
2097 4541 2142 4599 D
2167 4557 2350 4613 uitilla
2372 4577 2488 4631 qua:
2507 4562 2597 4617 diu
2628 4541 2829 4632 passas
2871 4563 3115 4622 damone
3150 4567 3332 4631 fuerat,
3373 4577 3425 4622 et
3463 4584 3560 4638 per
3599 4586 3729 4625 eam

498 4641 786 4698 laudabunt
810 4658 1000 4698 nomen
1030 4659 1272 4700 sanctum
1304 4655 1472 4702 tuum.
1520 4649 1660 4704 Dona
1705 4642 1832 4706 mihi
1861 4653 1945 4708 vel
1975 4656 2069 4707 3tI~

499 4733 604 4789 huc
631 4751 791 4790 unum
819 4752 1033 4801 annum,
1061 4747 1119 4791 ut
1145 4740 1506 4806 paenitentiam
1536 4757 1710 4812 agam,
1740 4745 1860 4813 quia
1904 4746 2067 4800 deso-

494 4825 599 4881 lata
626 4843 740 4881 sum
768 4828 903 4883 sicut
934 4828 1063 4884 ficus
1087 4830 1203 4885 sine
1231 4831 1520 4900 adjutorio.
1559 4833 1688 4888 Cum
1730 4851 1857 4905 ergo
1903 4837 2066 4891 deﬂe-

497 4924 604 4980 ret,
629 4917 850 4971 audiens
872 4920 1110 4986 quaedam
1126 4933 1387 4989 sororum,
1415 4921 1664 4978 indicavit
1687 4923 1967 4980 abbatissae
1988 4939 2062 4981 at-

496 5024 603 5077 que
624 5010 913 5073 sororibus.
942 5014 1059 5082 quia
1089 5014 1396 5086 Euphraxia
1425 5028 1688 5087 prostrata
1719 5020 1770 5073 in
1803 5024 2060 5088 reposito-

495 5099 881 5170 riolignorum,
920 5105 984 5157 ita
1035 5107 1307 5162 clamaret.
1361 5109 1603 5180 Dixitque
1650 5111 1788 5166 Julia
1835 5129 1849 5166 :
1902 5114 2057 5178 Vere,

493 5189 946 5256 domina,audivit
969 5197 1090 5266 quia
1121 5199 1377 5265 moritur;
1413 5211 1688 5271 propterea
1723 5203 2057 5261 lamentatur.

497 5281 638 5336 Dixit
664 5297 789 5353 ergo
819 5288 1074 5344 abbatissa
1107 5293 1417 5347 sororibus:
1451 5294 1580 5360 Quis
1625 5297 1952 5350 annuntiavit
1989 5299 2058 5361 ei,

493 5381 549 5427 et
569 5373 796 5429 animam
817 5377 931 5444 ejus
961 5380 1149 5436 afﬂixit
1173 5382 1196 5436 τ
1225 5382 1356 5450 Quis
1377 5382 1631 5439 indicavit
1655 5385 1722 5453 ei,
1748 5397 1802 5441 et
1828 5402 1921 5440 cor
1945 5387 2059 5456 ejus

493 5465 732 5522 attrivitf
761 5469 946 5528 Nonne
976 5487 1069 5526 vos
1100 5474 1276 5542 rogavi
1304 5517 1319 5541 ,
1356 5491 1422 5530 ne
1465 5476 1714 5531 dioeretis
1756 5478 1844 5543 ei,
1890 5479 2059 5533 donec

494 5556 610 5628 ejus
639 5558 766 5613 hora
792 5561 1034 5615 veniret?
1063 5561 1170 5616 Cur
1195 5565 1293 5617 hoc
1322 5563 1520 5620 fecistis
1551 5577 1604 5621 et
1632 5567 1895 5624 afﬂixistis
1936 5571 2056 5624 ani-

492 5663 634 5704 mam
662 5648 813 5719 ejus?
840 5649 934 5715 Ite,
968 5662 1019 5705 et
1050 5652 1294 5708 adducite
1323 5673 1438 5708 eam
1469 5658 1616 5711 mihi.
1651 5658 1756 5713 Illze
1784 5675 1912 5714 vero
1943 5676 2058 5730 per-

497 5747 702 5804 gentes,
733 5737 986 5795 dixerunt
1017 5743 1063 5798 ei
1098 5759 1111 5796 :
1145 5741 1295 5807 Veni,
1346 5745 1557 5801 domina
1594 5747 1916 5818 Euphrusia,
1965 5767 2052 5806 io-

2164 4653 2310 4708 salva
2334 4653 2467 4710 facta
2491 4665 2570 4710 est
2593 4673 2604 4710 :
2624 4664 2679 4710 et
2701 4657 2885 4727 lugens
2908 4658 3047 4713 sicut
3067 4671 3123 4715 et
3147 4675 3345 4724 omnes,
3386 4662 3731 4717 osculabatur

2164 4762 2351 4801 manus
2371 4748 2510 4817 ejus,
2534 4749 2717 4805 dicens
2743 4767 2755 4802 :
2781 4750 2898 4805 Istae
2921 4763 3107 4807 manus
3129 4763 3378 4821 quantum
3421 4751 3548 4806 mihi
3591 4753 3730 4811 indi-

2162 4855 2279 4911 gnte
2307 4853 2360 4896 et
2397 4844 2681 4911 peccatrici
2708 4842 3178 4901 ministraverunt!
3211 4861 3304 4916 per
3347 4845 3535 4902 Deum.
3557 4853 3614 4898 et
3639 4864 3726 4917 per

2166 4931 2290 4985 istas
2313 4948 2499 4987 manus
2542 4933 2863 4990 daemonium
2904 4937 3179 5006 expulsum
3199 4947 3330 4991 esta
3357 4952 3458 4990 me.
3509 4939 3572 4993 Et
3609 4956 3727 4992 cum

2167 5024 2464 5095 Euphraxia
2494 5027 2817 5096 reapondere
2839 5042 2940 5082 non
2966 5038 3163 5097 posset.
3192 5028 3326 5082 dixit
3348 5029 3397 5081 ei
3422 5031 3680 5084 abbatisa
3707 5046 3720 5081 :

2167 5115 2295 5170 Filia
2324 5132 2461 5180 mea,
2486 5132 2589 5171 non
2613 5119 2882 5173 misereris
2903 5120 2987 5174 vel
3008 5119 3162 5200 hujus
3174 5120 3379 5177 sororis
3396 5125 3419 5176 ?
3438 5124 3609 5189 Quare
3627 5137 3737 5174 non

2165 5206 2393 5275 loqueris
2421 5207 2492 5271 ei,
2515 5222 2632 5276 quae
2659 5219 2874 5276 propter
2897 5216 2949 5263 te
2973 5209 3041 5264 ita
3065 5210 3388 5268 tribulatur?
3431 5213 3729 5280 Euphraxia

2165 5314 2287 5352 vero
2311 5297 2582 5367 respondit
2608 5300 2672 5353 ad
2697 5315 2813 5355 eam
2838 5317 2850 5353 :
2876 5301 3049 5369 Quare
3075 5318 3159 5355 tne
3183 5303 3354 5375 luges,
3377 5306 3589 5360 domina
3631 5319 3726 5357 so-

2166 5389 2296 5443 ror?
2325 5388 2538 5443 Dimitte
2580 5405 2667 5445 me
2705 5392 3071 5460 requiescere.
3096 5393 3224 5466 quia
3263 5397 3488 5460 delicio;
3521 5410 3732 5450 verum-

2165 5489 2337 5534 tamen
2363 5489 2414 5534 tu
2445 5479 2666 5537 benedic
2708 5483 2894 5546 Deum,
2919 5493 2973 5539 et
3009 5485 3127 5553 ipse
3172 5501 3222 5543 te
3261 5489 3622 5545 conservabit.
3668 5489 3731 5542 Et

2162 5570 2460 5626 dixit:0ra
2503 5587 2598 5641 pro
2637 5588 2740 5637 me,
2784 5574 2906 5644 quia
2950 5590 3196 5647 magnum
3238 5588 3506 5634 certamen
3545 5589 3628 5634 est
3675 5579 3727 5632 in

2163 5663 2333 5718 anima
2354 5679 2467 5719 mea
2489 5664 2541 5720 in
2564 5665 2663 5720 hac
2682 5665 2831 5721 hora.
2849 5666 2985 5727 Cum
3006 5685 3133 5742 ergo
3145 5681 3348 5728 orasset
3367 5673 3659 5739 abbatissa,
3674 5683 3726 5728 et

2164 5769 2346 5813 omnes
2387 5757 2781 5826 respondissent
2816 5761 3011 5831 Amen,
3053 5764 3279 5821 reddidit
3305 5766 3558 5821 animam.
3606 5766 3726 5820 Erat
