4020 6266
343 360 435 414 6M

1285 355 1442 409 'VI'I‘A
1482 351 1774 407 SANCTJ‘E
1817 350 2258 415 EL‘I’ilRASIAE,
2303 351 2618 405 VIRCINIS.

3469 354 3574 411 δη

338 479 522 527 autem
558 484 820 524 annorum
841 469 1050 539 triginta
1077 487 1090 523 :
1115 467 1537 536 sepelieruntque
1578 479 1694 520 eam
1737 464 1788 517 in
1829 472 1909 517 tu-
1935 492 1984 549 Α
2011 480 2138 532 ergo
2167 481 2325 520 unam
2358 481 2623 529 sororum,
2666 478 2880 519 nomine
2922 464 3298 534 Tlioogeniam,
3349 484 3466 536 quae
3496 471 3578 525 eis

339 567 519 630 mulo,
547 564 635 617 ubi
663 575 718 617 et
741 561 969 632 genitrix
1004 561 1118 630 ejus
1158 557 1457 629 Euphraxia
1495 555 1893 626 requiescebat;

337 664 392 710 et
413 654 839 726 gloriﬁcaverunt
873 653 1056 717 Deum,
1079 650 1198 721 quia
1245 648 1663 718 promeruissent
1705 649 1901 703 habere

338 759 585 800 sororem
615 746 752 815 apud
778 745 964 799 Deum.

407 881 536 936 Cn.
566 881 801 935 XXXIII.
831 909 897 920 -—
919 881 1060 936 Julia
1094 895 1222 935 vero
1259 879 1507 948 magistra
1547 881 1685 948 ejus,
1731 879 1901 933 tribus

334 974 523 1029 diebus
549 972 704 1040 ﬂens,
727 972 796 1027 ab
826 972 942 1040 ejus
974 973 1174 1026 tumulo
1205 987 1308 1026 non
1339 971 1594 1035 recessit;
1630 972 1742 1024 haec
1763 971 1902 1023 enim

338 1065 592 1119 docuerat
635 1078 752 1117 eam
781 1064 987 1117 litteras
1021 1073 1075 1117 et
1109 1061 1418 1132 psalterium
1447 1071 1502 1116 et
1531 1062 1752 1115 multum
1783 1076 1900 1116 eam

340 1157 612 1221 diligebat,
645 1170 768 1209 cum
801 1154 917 1224 ejus
946 1165 1088 1209 esset
1116 1154 1391 1223 discipula,
1432 1165 1589 1223 atque
1616 1169 1678 1208 ex
1711 1169 1905 1224 genere

341 1247 703 1319 imperatoris.
736 1249 935 1313 Quarta
967 1264 1092 1303 vero
1117 1248 1203 1304 die
1226 1249 1343 1302 laeta
1373 1248 1505 1301 facta
1534 1246 1691 1312 Julia,
1724 1263 1898 1302 access

340 1340 407 1395 sit
437 1341 501 1393 ad
532 1321 880 1405 abbatissam,
903 1348 957 1394 et
981 1339 1114 1393 dixit
1143 1339 1191 1394 ei
1221 1356 1235 1392 :
1268 1338 1487 1393 Domina
1519 1354 1658 1402 mea,
1690 1354 1784 1392 ora
1810 1354 1906 1407 pro

343 1448 446 1496 me,
480 1432 600 1500 quia
633 1432 843 1485 vocavit
873 1447 957 1486 me
995 1431 1257 1494 Christus,
1311 1430 1671 1486 intercedente
1700 1445 1796 1498 pro
1823 1445 1907 1484 me

338 1521 487 1575 beata
512 1519 834 1588 Euphraxia.
861 1521 925 1574 Et
948 1520 1060 1575 hzec
1084 1523 1287 1584 dicens,
1317 1520 1550 1575 osculata
1582 1529 1664 1574 est
1690 1529 1908 1573 cunctas

339 1628 572 1666 sorores.
602 1612 797 1678 Quinta
838 1622 1014 1667 autem
1046 1612 1133 1667 die
1171 1623 1292 1683 post
1329 1609 1528 1665 obitum
1572 1610 1904 1679 Euphraxize,

338 1702 583 1758 defuncta
611 1716 692 1758 est
717 1715 770 1760 et
804 1705 1055 1774 magism!
1085 1705 1198 1774 ejus
1230 1704 1384 1768 Julia,
1427 1715 1481 1759 et
1507 1705 1710 1773 sepulta
1741 1713 1823 1758 est
1853 1704 1904 1757 iu

337 1798 584 1864 sepulcro
615 1796 701 1850 ubi
732 1797 904 1864 pasita
933 1805 1048 1851 erat
1075 1797 1225 1851 beata
1263 1796 1588 1863 Euphraxia.

409 1931 538 1987 Cxe.
591 1930 827 1984 XXXIV.
851 1961 919 1970 —
942 1928 1066 1984 Post
1113 1929 1326 2000 triginta
1369 1944 1494 1984 vero
1526 1929 1640 1984 dies
1678 1943 1908 1983 evocans

338 2023 604 2076 abbatissa
652 2022 958 2076 monasterii
1001 2023 1242 2091 priores,
1297 2022 1432 2076 dixit
1477 2022 1540 2074 ad
1591 2036 1681 2076 eas
1713 2038 1729 2076 :
1759 2021 1907 2075 Filia:

341 2128 497 2177 mete,
546 2113 726 2181 eligite
754 2114 901 2168 vobis
943 2126 1184 2178 matrem,
1235 2125 1286 2168 et
1316 2114 1618 2168 cOnstituite
1648 2114 1698 2167 in
1739 2115 1907 2168 locum

341 2220 540 2268 meum,
584 2220 701 2271 qua:
732 2205 879 2258 vobis
911 2220 1137 2274 prmesse
1167 2205 1350 2274 possit.
1383 2204 1491 2258 Illae
1523 2219 1652 2259 vero
1693 2220 1910 2273 respon-

337 2293 572 2347 derunt:
621 2294 861 2359 Domina,
896 2311 989 2365 pro
1030 2313 1130 2365 qua
1171 2311 1326 2348 causa
1360 2295 1458 2350 hoc
1489 2294 1624 2349 dicis
1658 2297 1907 2351 denuntia

338 2383 524 2447 nobis;
587 2400 856 2452 nunquam
909 2386 1050 2439 enim
1093 2383 1385 2439 famulahus
1416 2387 1518 2439 tuis
1559 2387 1658 2439 hoc
1703 2388 1903 2441 dixisti.

339 2474 484 2528 Dixit
513 2476 592 2528 eis
620 2474 882 2529 abbatissa
916 2491 929 2528 :
960 2476 1173 2530 Vocavit
1201 2493 1284 2530 me
1316 2477 1589 2532 Dominus.
1631 2477 1906 2547 Supplica-

337 2564 567 2618 vitcnitn
593 2579 687 2633 pro
711 2581 795 2619 me
822 2566 1036 2620 domina
1065 2567 1383 2635 Euphraxia,
1418 2577 1470 2622 et
1499 2569 1722 2621 multum
1750 2571 1906 2623 labo-

338 2659 468 2714 ravit
517 2659 566 2710 in
597 2658 706 2711 suis
733 2658 995 2727 precibus,
1045 2671 1305 2728 quatenus
1337 2675 1435 2729 ego
1475 2661 1746 2714 cmlcsts-m
1780 2667 1900 2714 tha-

339 2751 533 2804 lamum
579 2765 926 2819 promererer.
981 2751 1112 2805 Nam
1143 2759 1198 2805 et
1222 2751 1354 2804 Julia
1398 2767 1490 2821 per
1529 2762 1764 2804 sanctam
1801 2754 1905 2806 Eu-

343 2844 609 2913 phraxiam
642 2844 904 2912 particeps
931 2844 1049 2914 ejus
1080 2845 1268 2900 elTecta
1294 2854 1410 2910 est,
1450 2853 1503 2900 et
1545 2847 1785 2914 ingressa
1825 2855 1906 2900 est

347 2935 398 2990 in
442 2934 564 2988 illud
611 2937 854 3000 palatium
899 2952 1001 2990 non
1046 2937 1441 3005 manul'actum;
1488 2946 1544 2992 et
1571 2953 1668 3005 ego
1716 2939 1906 2993 fe~tiuo

348 3026 502 3095 digna
534 3025 640 3080 Iieri
662 3069 675 3090 ,
707 3035 761 3080 et
786 3041 904 3080 cum
932 3028 1009 3083 eis
1037 3028 1208 3082 locum
1242 3029 1456 3085 habere.
1498 3031 1785 3086 Audientes
1815 3047 1906 3086 so-

255 3151 260 3156 -
347 3133 492 3171 rores
531 3117 595 3172 de
638 3117 935 3187 Euphraxia
981 3128 1034 3174 et
1060 3119 1218 3187 Julia,
1260 3122 1381 3192 quia
1415 3124 1465 3176 in
1509 3125 1737 3177 maxima
1768 3135 1910 3179 esset

2012 567 2286 626 praeesset.
2336 559 2506 624 Quam
2536 573 2766 612 evocans
2817 557 3081 611 abbatissa
3113 560 3177 610 ad
3208 573 3296 622 se,
3345 560 3478 614 dixit
3507 563 3572 616 ad

2001 663 2118 701 eam
2153 666 2166 701 :
2203 649 2338 702 Ecce
2377 649 2738 702 testimonium
2780 647 2974 701 bonum
3015 649 3154 715 quod
3203 663 3416 702 sorores
3457 667 3579 704 oni--

2005 755 2100 793 nes
2130 742 2196 794 de
2226 749 2276 793 te
2305 739 2599 804 dederunt,
2630 749 2682 794 et
2723 747 3014 809 posuerunt
3044 750 3094 793 te
3123 740 3189 793 ad
3223 741 3574 809 principatum

2004 841 2058 883 et
2085 831 2425 899 praesulatum
2457 831 2758 884 traditionis
2784 830 2977 883 divinzc
3005 831 3134 898 legis
3162 841 3216 884 et
3243 846 3577 901 consequen-

2005 924 2077 976 tia
2117 934 2312 976 nostra.
2361 921 2596 990 Coujuro
2625 932 2677 977 te
2717 937 2811 991 per
2846 922 3214 976 intemeratam
3264 923 3574 978 Trinitatem

2005 1024 2058 1068 et
2082 1015 2611 1079 consubstantialem,
2639 1029 2707 1069 ne
2736 1014 2887 1067 istius
2918 1013 3096 1066 mundi
3123 1029 3330 1081 quaeras
3362 1015 3577 1068 divitias

2006 1118 2094 1160 aut
2117 1107 2536 1174 possessionem,
2572 1121 2741 1174 neque
2765 1120 2990 1174 occupes
3013 1120 3222 1161 sorores
3243 1108 3308 1160 ad
3332 1118 3575 1161 terrenas

2005 1197 2428 1252 sollicitudines:
2462 1197 2556 1251 sed
2602 1198 2770 1266 magis
2816 1205 2873 1251 ut
2919 1205 3325 1253 contemnentes
3371 1208 3576 1267 tempo-

2008 1292 2137 1344 ralia
2166 1291 2321 1354 bona,
2357 1300 2611 1360 perpetua
2638 1300 2940 1344 mereantur
2979 1291 3237 1360 accipere.
3271 1292 3333 1345 Et
3363 1306 3572 1345 rursum

2005 1385 2276 1439 sororibus
2304 1384 2436 1438 dixit.
2473 1402 2485 1438 :
2520 1384 2796 1450 Quomodo
2841 1381 3074 1452 perfecte
3106 1385 3270 1438 nostis
3314 1386 3475 1438 vitam
3523 1395 3578 1439 et

2008 1479 2464 1531 conversationem
2491 1477 2827 1544 Euphraxiaa,
2858 1486 3027 1530 estote
3059 1478 3324 1532 imitantes
3352 1493 3494 1542 eam,
3523 1488 3582 1532 ut

2011 1569 2297 1636 participes
2335 1567 2452 1636 ejus
2479 1566 2807 1621 efliciamini.
2851 1567 2916 1620 Et
2956 1583 3075 1619 cum
3104 1568 3361 1620 dixissent
3389 1581 3576 1622 omnes

2007 1660 2198 1721 Amen,
2251 1658 2550 1712 valedicens
2579 1658 2676 1722 eis,
2713 1656 2926 1710 intravit
2954 1657 3280 1720 oratorium;
3331 1664 3382 1709 et
3428 1657 3571 1710 clau-

2008 1750 2142 1803 dens
2166 1749 2376 1817 jannas,
2422 1752 2675 1816 praecepit
2712 1757 2768 1801 ut
2806 1761 2974 1814 usque
3006 1746 3070 1799 ad
3112 1745 3399 1799 diluculum
3439 1747 3580 1801 nulla

1942 1867 1982 1923 8
2013 1842 2220 1894 illarum
2253 1840 2494 1900 intraret,
2521 1839 2674 1894 Mane
2700 1847 2875 1892 autem
2900 1837 3035 1890 Iacto
3058 1839 3331 1905 ingressae,
3361 1837 3582 1891 invene-

2014 1943 2134 1986 ruut
2163 1947 2278 1986 eam
2305 1931 2642 1985 obdormisse
2672 1931 2722 1984 in
2751 1930 3002 1994 Domino;
3034 1938 3085 1983 et
3113 1930 3368 1998 hymnum
3397 1928 3583 1981 dicen-

2011 2037 2092 2078 tes
2126 2024 2370 2088 Dnmino,
2423 2031 2778 2090 reposuerunt
2804 2036 2920 2075 eam
2954 2021 3006 2074 in
3042 2023 3287 2088 sepulcro
3314 2021 3402 2074 ubi
3429 2021 3580 2076 beata

2012 2117 2310 2185 Euphraxia
2358 2116 2569 2168 condita
2599 2123 2733 2169 erat.
2779 2113 2859 2168 Ab
2888 2114 2981 2167 illa
3024 2121 3198 2166 autem
3242 2112 3332 2168 die
3377 2126 3579 2183 nequa-

2010 2224 2075 2275 qu
2098 2223 2164 2259 sm
2192 2206 2241 2259 in
2269 2206 2360 2258 illo
2391 2205 2594 2259 tumqu
2622 2205 2725 2258 alia
2758 2204 3078 2273 sepelierunt
3108 2218 3353 2272 corpora.

2078 2300 2208 2351 (ΣΑΡ.
2245 2297 2459 2352 XXXV.
2485 2327 2554 2338 -—
2577 2297 2736 2352 Multa
2769 2312 2895 2351 vero
2930 2297 3080 2366 signa
3117 2306 3169 2351 et
3209 2297 3461 2350 sanitates
3488 2295 3581 2351 lle-

2010 2389 2132 2441 baut.
2163 2390 2214 2441 in
2246 2397 2537 2442 memorato
2563 2387 2832 2454 sepulcro,
2861 2397 2917 2442 et
2942 2386 3150 2455 expulsi
3177 2387 3445 2442 daamoues
3466 2386 3579 2441 cla-

2011 2485 2225 2533 mabant
2259 2498 2270 2532 :
2301 2483 2432 2548 Quia
2464 2490 2586 2550 post
2616 2489 2837 2535 mortem
2862 2484 3110 2548 prznvalet
3138 2494 3321 2536 contra
3351 2498 3446 2537 nos
3476 2484 3580 2537 Eu-

2011 2573 2244 2639 phraxia,
2292 2583 2345 2626 et
2392 2573 2725 2642 persequitur
2770 2574 2903 2628 nos?
2955 2574 3077 2628 Haec
3120 2583 3202 2628 est
3242 2591 3423 2630 revera
3459 2576 3574 2632 Vita

2009 2663 2325 2731 Euphraxitc
2362 2674 2638 2728 matrona},
2673 2680 2789 2731 qua:
2828 2665 3032 2719 cmlesti
3077 2669 3279 2720 senatui
3317 2667 3578 2723 interesse

2012 2757 2316 2822 promeruit.
2376 2753 2707 2810 Festinemus
2757 2756 2916 2825 igitur
2962 2766 3015 2810 et
3057 2771 3175 2821 nos,
3231 2769 3334 2811 tam
3383 2759 3578 2814 fratres

2009 2865 2162 2919 quam
2195 2865 2430 2914 sorores,
2459 2850 2760 2918 hujusmodi
2791 2851 3247 2905 conversationem
3281 2852 3495 2918 habere,
3525 2860 3580 2907 et

2008 2944 2202 2996 sectari
2229 2943 2602 3006 humilitatem,
2631 2943 3013 3008 obedientiam,
3048 2945 3302 3013 laborem,
3329 2960 3579 3000 mansue-

2010 3033 2264 3100 tudinem,
2317 3033 2790 3102 longanimitatem,
2836 3044 2893 3087 ut
2931 3041 2985 3087 et
3024 3049 3120 3088 nos
3150 3036 3217 3088 ita
3265 3035 3577 3104 angelorum

2009 3127 2471 3183 conversationem
2527 3141 2846 3191 mereamur,
2897 3136 2952 3180 et
2997 3142 3117 3181 cum
3165 3129 3358 3197 gaudio
3389 3145 3580 3198 magno

343 3214 532 3283 gloria,
587 3217 906 3286 gaudebant,
959 3227 1014 3272 et
1057 3219 1272 3273 orabant
1329 3220 1548 3289 pariter,
1598 3229 1657 3274 ut
1693 3230 1747 3275 et
1782 3221 1907 3290 ipsae
1938 3232 1982 3296 ρ
2015 3219 2254 3272 fruamur
2281 3217 2556 3272 Salvatore
2600 3218 2823 3272 Domino
2849 3226 3032 3272 nostro
3072 3217 3191 3272 Jesu
3222 3218 3454 3272 Christo.
3486 3219 3585 3274 Cui

344 3316 674 3362 mererentur
707 3309 770 3362 ad
801 3309 950 3363 illum
993 3309 1277 3364 thalamum
1311 3312 1588 3368 accedere.
1627 3313 1912 3381 Elegerunt

2022 3321 2102 3365 est
2135 3310 2307 3364 honor
2337 3319 2391 3364 et
2415 3309 2580 3380 gloria
2602 3310 2656 3363 in
2684 3309 2877 3364 szecula
2902 3310 3238 3364 saeculorum.
3268 3309 3459 3364 Amen.

1593 3422 1954 3478 ROSWEYDI
1996 3421 2311 3476 NUTATIO.

416 3514 573 3584 362
606 3513 684 3584 (ί)
728 3515 1072 3588 Euri/trusum]
1112 3517 1534 3588 Martyrologium
1591 3517 1906 3582 Romanum,

347 3585 414 3639 15
448 3587 615 3657 Mitt'lii
649 3601 663 3639 :
704 3604 721 3636 ι
760 3587 813 3639 In
845 3585 1117 3642 Thebaide
1147 3585 1409 3657 deposuio
1448 3600 1641 3641 sancta:
1675 3589 1912 3655 Euphra-

348 3673 441 3707 size
473 3656 708 3724 virginis.
749 3676 766 3707 ι
807 3657 1076 3710 Usuardus
1107 3658 1174 3711 de
1199 3656 1385 3711 eadem
1415 3660 1511 3712 hac
1539 3659 1648 3712 die.
1681 3659 1914 3711 Meuolu-

348 3727 488 3794 gium
534 3729 838 3780 Crtecorum
877 3729 948 3782 25
990 3728 1153 3781 Julii:
1181 3728 1522 3784 «Eodemdie
1563 3741 1758 3782 sanctae
1812 3729 1914 3782 Eu-

352 3814 577 3868 praxne,
599 3798 721 3850 lilia:
753 3799 996 3868 Antigoni
1026 3798 1300 3868 cujusdam
1330 3799 1579 3853 senatorii
1608 3800 1831 3860 ordinis,
1856 3808 1911 3852 ct

353 3867 631 3934 Eupraxia:
655 3868 752 3921 sub
783 3867 1245 3934 Theodosio'imp.
1278 3869 1426 3937 cujus
1457 3880 1571 3923 erat
1600 3871 1912 3937 consangui-

353 3953 447 3990 nea
483 3955 494 3990 :
531 3947 739 3991 mortuo
762 3951 936 3993 autem
961 3941 1244 4009 Antigono,
1274 3950 1442 3993 mater
1464 3939 1722 4008 Eupraxia
1751 3940 1918 3993 'l‘heo-

351 4009 503 4060 (lusio
530 4011 669 4062 illam
703 4009 1123 4067 commendavit.
1155 4012 1242 4078 qui
1268 4021 1538 4065 senatorio
1561 4009 1768 4065 cuidam
1804 4014 1916 4062 viro

356 4078 655 4146 despondit.
683 4080 770 4132 llla
803 4094 934 4133 vero
959 4080 1238 4136 discedens
1267 4097 1385 4135 cum
1410 4090 1579 4135 tnatre
1610 4084 1660 4134 in
1692 4079 1916 4134 Thebai-

361 4154 477 4201 dem
521 4149 728 4219 ,λευριί
761 4151 1014 4219 profecta,
1063 4154 1125 4204 ad
1170 4163 1543 4206 monasterium
1584 4154 1818 4222 ingressa
1865 4151 1916 4205 iu

362 4235 464 4291 quo
491 4231 636 4274 erant.
662 4222 891 4291 virgines
928 4231 1140 4276 centum
1172 4233 1224 4276 et
1251 4232 1496 4290 quatuor,
1537 4237 1717 4290 parem
1757 4237 1916 4289 ange-

363 4290 428 4342 lis
461 4291 614 4344 vitam
644 4290 920 4351 ducentes.
951 4291 1193 4346 aemulata
1225 4308 1409 4347 earum
1439 4294 1707 4353 virtutem,
1745 4308 1773 4345 a
1804 4310 1919 4345 mo-

360 4372 592 4416 nasterio
631 4365 748 4432 ipso
791 4363 1064 4417 discedere
1093 4379 1242 4430 passa
1273 4380 1376 4418 non
1422 4374 1534 4418 est:
1586 4372 1700 4416 erat
1745 4375 1918 4417 autem

363 4441 487 4485 tunc
519 4437 664 4502 virgo
705 4434 970 4487 sexdecim
1011 4448 1179 4486 annos
1208 4445 1351 4487 nata.
1403 4435 1569 4487 Mater
1618 4449 1743 4488 vero
1775 4435 1921 4487 illinc

354 4503 653 4567 disCedens,
695 4504 924 4558 Orientis
954 4509 1278 4558 monasteria
1308 4506 1573 4571 obeundo,
1627 4506 1921 4572 possessio-

355 4586 449 4644 nes
479 4575 674 4627 multas
723 4585 777 4628 et
817 4576 1070 4629 beneﬁcia
1121 4576 1475 4644 indigentibus
1516 4579 1763 4628 contulit.
1799 4577 1924 4628 Post

357 4643 472 4694 hmc
502 4658 621 4696 cum
655 4647 704 4697 in
731 4647 969 4699 morbum
994 4643 1286 4710 incidisset,
1324 4661 1538 4701 reversa
1567 4656 1648 4698 est
1675 4645 1740 4698 ad
1771 4660 1918 4698 man-

363 4714 570 4784 sionem
599 4714 650 4766 in
680 4729 780 4783 qua
813 4717 968 4769 liliam
1013 4719 1326 4784 reliquerat;
1369 4731 1596 4781 cumque
1635 4730 1820 4770 omnes
1850 4719 1925 4767 Ia-

361 4782 593 4854 t_:_ultates
626 4782 746 4837 suas
783 4785 900 4838 lilia:
921 4782 1290 4852 commisisset,
1319 4787 1576 4854 requievit
1602 4787 1660 4841 in
1682 4787 1920 4839 Domino.

365 4851 630 4926 Eupraxia
661 4836 785 4926 vero
806 4836 1654 4926 cumbona-omniapawn—poribus
1677 4836 1931 4912 ét'éeeie;
1962 4836 2008 4894 D

363 4922 461 4974 siis
507 4921 599 4974 Dei
649 4922 1033 4990 distribuisset,
1089 4921 1390 4982 monasticae
1433 4921 1552 4980 vine
1589 4927 1929 4983 exercitatio-

366 5008 487 5046 nem
509 4993 721 5070 egregie
748 4995 1012 5062 amplexa,
1045 5007 1248 5070 tantum
1280 5000 1340 5070 _in
1374 5001 1568 5052 virtute
1601 4999 1840 5070 proiecit,
1877 5007 1928 5050 et

365 5068 717 5137 necessitates
744 5069 980 5137 corporis
1022 5068 1314 5133 subjugavit
1335 5109 1350 5134 ,
1382 5081 1435 5123 ut
1464 5084 1559 5136 per
1585 5069 1930 5137 quadragin'a

363 5133 600 5201 quinque
630 5133 743 5189 dies
776 5135 1058 5190 immobilis
1087 5133 1343 5201 steterit,
1383 5133 1615 5192 intentis
1643 5143 1708 5190 ad
1735 5133 1930 5192 caelum

366 5204 632 5258 manibus.
665 5205 844 5274 Itaque
875 5219 1087 5275 propter
1113 5209 1463 5263 excellentem
1493 5212 1746 5262 virtutem
1782 5211 1931 5262 beata

370 5276 636 5348 Eupraxia
668 5276 1042 5348 miraculorum
1084 5279 1308 5347 gratiam
1339 5279 1564 5348 accepit,
1605 5295 1708 5346 qua
1739 5283 1932 5332 multos

367 5359 396 5397 a
430 5344 588 5398 variis
616 5347 954 5415 languoribus
991 5344 1253 5410 liberavit,
1285 5360 1336 5402 et
1377 5344 1486 5417 ipsa
1535 5344 1742 5404 beatum
1774 5351 1929 5404 linem

367 5424 632 5481 assecuta,
662 5417 727 5470 ad
763 5417 1040 5471 Dominum
1072 5420 1324 5472 translata
1354 5429 1454 5474 est.
1487 5438 1504 5471 ι

444 5485 751 5555 Ευρὴηεὶω
775 5501 862 5557 res
890 5501 1062 5557 gestas
1094 5490 1290 5542 habent
1318 5507 1502 5544 omnes
1523 5489 1806 5556 editiones,
1839 5506 1932 5543 ex-

368 5566 533 5628 cepta,
565 5557 729 5625 prima
772 5556 1005 5612 Vitarum
1037 5560 1246 5613 Pati-um
1269 5600 1284 5623 ,
1326 5577 1390 5614 ex
1420 5562 1608 5628 quibus
1633 5570 1685 5614 et
1706 5577 1804 5614 ms.
1835 5563 1934 5615 Co-

370 5628 486 5681 ditze
508 5627 693 5700 Surius
720 5640 921 5684 mutato
942 5631 1078 5699 stylo
1098 5631 1379 5698 descripsit
1410 5627 1534 5686 tom.
1563 5633 1625 5685 II.
1653 5633 1762 5700 Ego
1785 5645 1930 5686 vete-

373 5712 483 5751 rem
545 5698 736 5768 stylum
784 5698 1004 5763 retinui,
1058 5717 1122 5754 ex
1178 5712 1301 5755 voto
1347 5707 1632 5756 multorum
1691 5698 1930 5756 virorum

374 5768 682 5842 doctorum.
699 5769 934 5842 Joannes
967 5772 1320 5826 Damascenus
1350 5790 1413 5828 ex
1441 5774 1555 5842 ejus
1581 5772 1743 5835 Actis,
1775 5785 1828 5824 ut
1857 5775 1933 5825 le-

377 5837 560 5906 gitime
583 5840 812 5910 scriptis,
839 5844 965 5911 petit
993 5842 1357 5900 auctoritatem
1390 5837 1526 5902 erat.
1543 5847 1575 5902 δ
1599 5845 1667 5900 de
1693 5845 1931 5914 imagini-

2021 3516 2138 3578 bus,
2159 3514 2263 3586 _ubi
2298 3513 2410 3567 haec
2439 3511 2624 3568 Graece
2651 3513 2779 3567 citat
2805 3531 2816 3565 :
2853 3517 2995 3586 Λέγει
3022 3516 3052 3573 ἡ
3081 3512 3300 3586 dicisque,-
3329 3521 3399 3586 τῷ
3420 3535 3587 3586 ,κορα-

2019 3591 2136 3658 σίῳ,
2157 3583 2531 3658 ’Υπαγεᾳνρία
2557 3589 2752 3656 μου,ιίς
2769 3587 2862 3658 ,τὸν
2885 3582 3012 3640 οἶκόν
3043 3584 3271 3658 σουὲλότι
3294 3587 3349 3637 οὐ
3371 3582 3588 3639 dantdat

2016 3653 2107 3711 ὧδὲ
2139 3653 2468 3730 πᾳραμεῑγᾳιλ
2502 3653 2611 3711 οὐδὲ
2638 3661 2738 3729 γὰρ
2763 3655 3082 3730 δύναταίγτις
3121 3653 3212 3730 cod:
3255 3663 3587 3730 παραμεῖναι,

2018 3730 2100 3782 ἐὰν
2130 3727 2545 3799 μὴ’συντὰξηταφ
2570 3734 2643 3799 τῷ
2675 3727 2894 3799 Χριστῷ.
2924 3729 3070 3799 Λέγεξ
3095 3727 3218 3799 αὐτῇ
3248 3728 3301 3799 τὸ
3330 3727 3588 3799 ἀοράςζιον,

2018 3806 2113 3852 Ποῦ
2130 3794 2278 3853 ⁷ἐνιτιειρ
2306 3799 2330 3850 ὁ
2355 3797 2567 3869 Χριστός
2587 3794 2681 3861 ;’⁶ιι
2704 3794 2925 3858 διάκονος
2953 3794 3204 3869 ἐτὲέδελιξεηί
3218 3797 3340 3866 αὐτῇ
3358 3797 3442 3869 τὸν
3467 3794 3587 3869 δισ-

2015 3872 2220 3943 ςιτοτικόν
2275 3865 2604 3943 χαράκτῆρα,
2645 3872 2730 3922 καὶ
2767 3876 3044 3943 στρᾳφεῖσα
3094 3867 3224 3935 λέγιι
3348 3865 3590 3943 Δδιιπιξεόηῳ,

2015 3938 2226 3999 ’Δληθῶς
2250 3938 2388 4012 δεῇῶ
2411 3946 2483 4010 τῷ
2512 3938 2709 4016 Χριστῷ
2737 3938 3106 4016 συνίτάὰσομρῑι.
3140 3941 3225 4016 διαὶ
3245 3938 3409 3990 οὐκέτι
3434 3938 3587 4016 ᾇπέρ--

2019 4031 2187 4082 χομαι
2214 4008 2341 4081 μεθᾶ
2370 4008 2470 4082 τῆςξ
2495 4008 2819 4082 τιν’ρίαςνμοψ
2847 4009 3103 4082 καὶῗπὰλιν
3130 4009 3402 4082 ὁινοισϊὸισσιΔ
3436 4008 3465 4063 ἡ
3494 4008 3593 4059 Εὖ-

2019 4077 2339 4154 ἆιῖρὸιξίαξμκαὶ
2376 4077 2609 4154 λαϐρῦσία
2646 4086 2734 4140 τήν
2759 4079 3242 4154 θυγατέργαμέατᾳτὴς,
3272 4077 3593 4154 πᾳρέστησιν

2018 4149 2089 4211 εἷς
2115 4158 2200 4206 τὸν
2231 4150 2521 4206 δεσποτικὸν
2548 4149 2876 4238 χαροὲετῆρὰο
2900 4149 2984 4237 κάξ
3004 4149 3260 4238 inﬁnitam
3287 4149 3381 4234 τοῖς
3407 4155 3595 4238 χιξρας

2020 4225 2174 4282 αὐτῆς
2205 4225 2275 4281 εἰς
2302 4224 2386 4276 τὸν
2415 4219 2822 4293 οὐρα-ζοὸνῖϐόηᾰε
2855 4221 2983 4290 μετὰ
3008 4220 3297 4293 κλαγθμοῦι
3311 4220 3462 4293 κύριε
3483 4219 3589 4293 _‘Iri-

2022 4300 2115 4348 σοῦ
2141 4295 2354 4367 Χριστὲ.
2401 4288 2484 4348 σοὶ
2509 4293 2709 4362 μελήσει
2735 4288 2863 4367 ςπερῖ
2887 4297 2974 4346 τοῦ
3000 4288 3234 4367 πλαμδίόυη
3269 4288 3351 4343 ὅτι
3389 4288 3448 4342 ei
3476 4289 3595 4367 31:6:-

2019 4359 2194 4438 Onasv,
2219 4367 2299 4417 καὶ
2322 4368 2407 4438 eoi
2447 4359 2923 4438 rratpt'Qr-rojauniv.
2964 4380 2982 4412 ί
3026 4360 3326 4438 Diaconissa
3360 4374 3485 4411 vero
3523 4359 3589 4411 ad

2023 4434 2280 4508 puellam:
2307 4432 2427 4499 Abi,
2459 4431 2659 4501 inquit,
2685 4432 2900 4508 domum
2937 4441 3103 4508 tuam,
3149 4431 3268 4508 quia
3301 4445 3402 4482 non
3437 4438 3585 4508 potes

2026 4499 2109 4558 hic
2155 4499 2721 4577 perma_nere;_‘neque
2751 4503 2900 4577 _enim
2941 4501 2992 4554 in
3040 4499 3138 4577 hoc
3176 4503 3448 4577 cuiquam“
3470 4499 3595 4577 licet
3656 4561 3674 4577 ο

2024 4568 2366 4641 commorari,
2417 4575 2516 4629 nisi
2567 4568 2690 4629 cum
2731 4573 2944 4626 Christo
2989 4571 3355 4638 coniungatur.
3415 4568 3597 4641 Puella

2021 4657 2198 4698 autem
2237 4638 2369 4700 :Ubi
2398 4657 2502 4710 est,
2538 4645 2727 4713 inquit,
2759 4641 3047 4698 Christus?
3076 4647 3137 4694 At
3167 4642 3250 4692 illa
3283 4638 3598 4713 ostenditci

2028 4716 2240 4770 Domini
2288 4707 2723 4788 itiiagitieni.'Cui
2769 4717 2935 4788 puella
2988 4709 3466 4774 conversa:Vere,
3498 4707 3599 4788 _iu-

2033 4789 2166 4855 quit,
2217 4801 2314 4855 ego
2362 4778 2481 4839 cum
2524 4787 2737 4838 Christo
2769 4778 3099 4852 'coujurgor,
3155 4796 3324 4849 neque
3374 4778 3600 4855 amplius

2031 4850 2161 4910 cum
2182 4850 2308 4910 heia
2343 4872 2458 4910 mea
2482 4855 2779 4909 discedam.
2812 4855 2876 4908 Et
2904 4850 3110 4909 rursum
3138 4865 3462 4917 consurgens
3492 4850 3598 4901 Eu-

2036 4927 2276 4996 phraxia,
2323 4926 2589 4995 filiamque
2640 4941 2790 4980 suam
2840 4921 3266 4996 apprehendens,
3319 4918 3602 4996 dominica:

2035 4992 2245 5068 imagini
2275 4999 2441 5064 ipsam
2479 4992 2732 5061 admovit,
2776 4992 3125 5068 manibusque
3153 4992 3451 5068 su_blatis__i_n
3479 5004 3598 5068 _cte-

2039 5061 2166 5121 lum'
2201 5061 2388 5136 magna
2437 5083 2568 5121 voce
2614 5066 2901 5121 clamavit:
2935 5061 3155 5117 Domine
3199 5061 3339 5136 Jesu
3369 5061 3602 5124 Christe,

2034 5139 2210 5208 puella
2256 5133 2348 5191 tibi
2379 5139 2482 5192 erit
2512 5153 2677 5204 curae,
2718 5137 2929 5204 quando
2977 5144 3028 5188 te
3069 5133 3390 5200 concupivit,
3439 5145 3601 5208 seque

2037 5203 2202 5276 ipsam
2253 5211 2448 5262 dicavit
2494 5208 2609 5262 tibi.
2651 5227 2668 5258 ι
2712 5203 2840 5274 Quae
2889 5208 3245 5258 Damascenus
3291 5203 3607 5276 compendio

2038 5272 2303 5344 excerpsit
2343 5295 2408 5334 ex
2451 5279 2601 5333 Actis
2644 5272 2844 5333 Graecis
2889 5277 3203 5339 Enpraxiae,
3253 5289 3371 5342 qua:
3411 5274 3463 5326 in
3512 5272 3609 5325 hac

2046 5351 2162 5402 Vita
2191 5351 2371 5404 Latina
2405 5350 2568 5402 fusius
2590 5349 2754 5401 habes
2787 5356 2997 5400 narrata
3023 5360 3143 5413 cap.
3177 5347 3206 5396 8
3235 5353 3287 5399 et
3308 5350 3360 5398 9.

2110 5421 2318 5474 Claruit
2357 5419 2684 5488 temporibus
2724 5416 3011 5472 Theodosii
3059 5417 3216 5485 imp.,
3248 5417 3320 5470 uti
3361 5421 3503 5484 patet
3541 5427 3607 5465 ex

2041 5493 2151 5562 ipsa
2185 5492 2296 5545 Vita
2321 5500 2374 5543 et
2403 5491 2721 5562 Menologio.

2109 5563 2221 5616 Alia
2272 5563 2340 5616 ab
2386 5563 2480 5613 ism
2527 5553 2636 5614 est'
2656 5558 2945 5626 Euphrasio
2996 5553 3453 5626 Nicomediensis,_
3489 5564 3609 5626 quia

2042 5634 2176 5687 mira
2225 5647 2339 5686 arte
2373 5629 2529 5685 elusit
2569 5620 2862 5699 prae-sciam
2907 5629 3232 5699 lascivientis
3277 5621 3507 5699 juvenis,
3543 5620 3609 5670 de

2040 5721 2139 5773 qua
2187 5702 2515 5773 Nicephorius
2555 5688 2648 5764 l'ib,
2688 5715 2782 5762 vlt,
2828 5713 2945 5766 cap.
2980 5697 3066 5751 l5.
3112 5688 3608 5773 MenwanEupltra':

2049 5760 2172 5828 {tam
2221 5760 2681 5826 Nicotnedtensein
2713 5760 3001 5841 martyrem
3042 5779 3282 5835 tempore
3309 5760 3605 5817 Maximiani

2042 5846 2169 5913 imp.
2204 5844 2402 5900 habent
2430 5844 2493 5899 t9
2518 5841 2771 5899 Januarii.
