4020 6280
469 320 572 377 645

1498 315 1582 369 DE
1625 314 1794 369 vms
1836 312 2112 367 i‘ATltUM
2155 314 2354 368 LIBER
2395 316 2667 373 ramus.

3583 318 3691 376 6M

540 430 617 503 (Ξ)
661 428 1173 504 δαηριιιανὶἰε.]ιΙιιι,
1218 432 1434 504 Opinor,
1462 435 1873 504 vocate-sputa,
1917 443 2022 504 mo-
2050 433 2103 489 Α
2128 438 2248 480 runt
2291 429 2628 504 apiid__varios
2664 431 2952 498 scriptores
2990 432 3370 487 hebdomadarii
3410 449 3505 491 seu
3520 437 3697 504 ἐφθί-

467 498 707 557 ηαέιὲνία.
760 502 843 555 Sic
887 498 1073 570 cap—5
1106 523 1118 555 ς
1157 523 1173 554 ι
1204 507 1331 567 Quae
1372 503 1527 554 etiam
1575 500 1680 552 Illic
1727 512 1918 551 vacans
1965 498 2017 550 in

465 573 792 629 Sanctnariis.
809 591 825 623 ι

538 645 615 715 (5)
636 641 930 715 Archttria.]
954 642 1033 694 An
1056 643 1165 715 inte
1190 643 1298 706 ligit
1322 640 1585 715 cellulas?
1613 638 1672 715 _ln
1695 637 1817 715 -Vita
1834 636 2019 715 Asancti

464 710 677 769 Antonii
710 729 828 780 cap.
862 710 945 775 53,
984 713 1144 766 habes
1186 714 1558 776 urchisterium,
1593 712 1658 764 de
1692 710 1943 763 interiore
1968 719 2021 761 et

465 785 712 855 primaria
737 785 945 836 Antonii
971 786 1117 855 cella.

538 855 616 924 (4)
660 857 854 920 Aquam
884 856 933 904 in
965 852 1141 921 faciem
1168 854 1455 924 ejusqmisil.
1544 850 1720 924 Aﬂ'usa
1751 863 1900 924 aqua
1928 847 2015 900 l‘ri-

465 920 902 995 giil‘a'exaniiuati
946 928 1116 995 arise
1161 923 1423 974 redibant.
1479 923 1623 995 Unde
1662 920 2018 995 proverbium,

465 988 661 1065 Equam
681 1009 957 1064 aspergere.
995 993 1042 1045 id
1074 1002 1171 1065 est,
1195 996 1399 1065 animos
1429 994 1643 1065 addere.
1668 990 1787 1065 μηδι
1816 991 1866 1041 in
1906 988 2019 1065 Vita

468 1058 867 1136 Euphrosy'uw',
910 1079 1027 1132 cap.
1080 1061 1188 1115 15:
1228 1080 1246 1112 ι
1283 1062 1512 1115 ,Ιίιοιδνιι
1560 1063 1614 1115 iu
1661 1059 1851 1113 faciem
1905 1058 2019 1127 ejus

464 1151 670 1188 almam.

535 1153 670 1187 ll:tllt.

515 1153 610 1275 l(5)
644 1204 705 1256 Et
732 1204 1063 1272 septimanam
1093 1219 1249 1256 meam
1278 1200 1636 1273 complevero.]
1683 1203 1810 1256 Inde
1836 1213 2025 1252 occur-

2128 500 2363 551 manarii.
2400 500 2528 553 Vide
2555 505 2949 554 Onomasucon.

2198 570 2273 641 (ϐ)
2320 570 2578 623 Salarium
2629 575 2884 639 tertium]
2936 574 3072 642 Ergo
3103 573 3247 639 plura
3295 583 3446 625 erant
3488 576 3540 627 in
3591 591 3693 629 una

2128 639 2285 693 domo
2307 643 2496 695 solatia
2515 682 2551 715 ,ν
2583 643 2631 694 id
2661 653 2744 695 est
2774 639 3027 697 tabulata.
3062 642 3203 697 Alias
3232 644 3498 703 solarium,
3541 646 3591 696 id
3613 656 3697 715 est

2126 724 2368 777 suprema
2418 714 2741 783 contignatio
2791 718 2889 767 soli
2940 716 3218 784 exposita,
3266 730 3429 769 unum
3487 728 3689 769 tantum

2126 794 2254 833 erat.

2169 852 2246 916 (7)
2270 850 2473 905 Prior-es
2504 852 2765 924 seniores]
2800 854 2937 911 Mox.
2963 871 3079 920 cap.
3098 854 3165 908 27
3189 867 3239 908 et
3272 854 3341 907 50
3364 857 3585 909 seniores
3609 874 3690 910 so-

2122 937 2280 996 rores.
2323 926 2475 996 Step6
2505 925 3025 996 occuirnntseniores
3054 939 3157 979 tant
3187 928 3326 980 inter
3351 929 3493 981 viros
3532 947 3686 996 quam

2124 992 2260 1044 inter
2291 995 2558 1056 mulieres,
2589 996 2637 1047 in
2671 995 2751 1047 his
2775 994 2923 1048 Vitis.

2194 1062 2616 1187 (8)2!Jatieuti.]
2671 1067 2724 1117 ια
2774 1078 2895 1129 est,
2942 1082 3313 1137 energumenw.
3357 1067 3567 1121 Clarum
3618 1083 3686 1121 ex

2194 1151 2239 1187 υ.
2321 1153 2369 1187 a.

2125 1147 2239 1202 cap.
2280 1139 2369 1189 25.

471 1354 3673 1390 W

689 1380 845 1390 Ψ-..-

1883 1476 2175 1520 JANUABII
2224 1476 2266 1516 1.

534 1614 991 1769 VlTA
1088 1596 1903 1753 SANCTXE
2000 1594 3388 1745 EUPHROSYN/E
3443 1675 3608 1767 ιη,

1807 1834 2329 1910 νιιιαιΝιε.

1459 2031 2028 2115 AUCTORE
2100 2027 2652 2111 INCERTO.

517 2270 694 2326 Carur
718 2279 940 2321 PRIMUM.
965 2292 1033 2303 ——
1054 2261 1211 2333 363
1240 2260 1363 2317 Fuit
1389 2259 1469 2314 vir
1490 2258 1541 2313 in
1572 2257 1888 2312 Alexandria
1919 2270 2012 2310 no-
2041 2259 2089 2320 Β
2114 2256 2354 2322 vitatem,
2388 2265 2441 2309 et
2488 2254 2555 2309 de
2584 2256 2839 2321 sap'entia
2869 2256 2982 2325 ejus
3010 2267 3063 2311 et
3089 2258 3156 2312 de
3181 2257 3440 2325 doctrina,
3472 2269 3527 2315 et
3554 2262 3679 2330 quia

447 2366 591 2420 mine
620 2357 946 2428 Paphnutius
971 2354 1072 2426 (2),
1102 2352 1425 2407 honorabilis
1453 2351 1720 2415 omnibus,
1749 2356 1805 2404 et
1832 2357 2010 2403 custo-

446 2456 596 2509 diens
623 2450 863 2506 mandata
890 2446 1001 2500 Dei.
1029 2444 1120 2499 llic
1149 2442 1349 2510 accepit
1371 2442 1650 2510 conjugem
1678 2441 1889 2508 dignam
1920 2453 2010 2507 ge-

446 2545 590 2600 neris
636 2543 752 2608 sui,
800 2548 855 2592 et
883 2539 1045 2605 ipsam
1080 2534 1316 2589 honestis
1351 2533 1587 2587 moribus
1619 2530 1825 2600 plenam
1850 2570 1865 2595 ,
1912 2530 2007 2584 sed

446 2634 641 2690 sterilis
670 2648 771 2686 non
803 2631 1058 2700 pariebat.
1091 2627 1180 2682 Vir
1204 2639 1377 2680 autem
1406 2626 1521 2694 ejus
1545 2624 1698 2678 nimis
1722 2624 2004 2690 ﬂuctuans,

445 2741 511 2781 eo
540 2725 676 2794 quod
706 2738 807 2776 nou
838 2721 1055 2775 haberet
1076 2720 1159 2773 cui
1181 2732 1367 2773 omnes
1391 2715 1664 2770 facultates
1689 2715 2006 2783 dimitteret,

445 2828 504 2873 ut
532 2824 649 2886 post
678 2815 876 2868 obitum
907 2828 1056 2867 suum
1088 2812 1221 2866 bene
1241 2818 1296 2865 et
1322 2824 1553 2880 congrue
1580 2824 1728 2863 suam
1760 2808 2007 2862 substan-

446 2910 572 2965 tiam
618 2907 967 2978 gubernaret,
1016 2902 1376 2973 indigentibus
1423 2916 1527 2955 non
1572 2899 1815 2954 cessabat
1844 2899 2005 2953 mini-

443 3013 613 3058 strare
647 3009 799 3054 nocte
827 3009 883 3053 et
910 2997 1015 3062 die,
1075 2995 1417 3064 ecclesiisque
1460 2991 1765 3056 adhaerens,
1790 2991 2007 3062 jejuniis

441 3106 495 3150 et
521 3092 843 3146 orationibus
872 3103 1029 3142 orans
1058 3096 1111 3140 et
1139 3095 1320 3155 petens
1348 3100 1377 3137 a
1404 3083 1510 3137 Deo
1537 3082 1649 3137 dari
1680 3083 1781 3137 sibi
1814 3082 2003 3137 ﬁlium.

441 3186 696 3241 Similiter
722 3192 775 3237 et
800 3197 931 3237 uxor
962 3179 1076 3250 ejus
1096 3179 1366 3235 doloribus
1394 3179 1723 3235 afﬁciebatur
1752 3179 2001 3243 maxime,

443 3277 627 3330 videns
654 3276 819 3328 virum
850 3289 1001 3327 suum
1043 3272 1384 3326 ﬂuctuantem
1432 3270 1673 3335 nimium,
1705 3270 1920 3324 multam
1951 3279 2006 3323 et

440 3368 550 3437 ipsa
579 3367 737 3421 etiam
771 3365 1046 3434 pecuniam
1074 3380 1296 3433 erogaus
1325 3363 1641 3432 pauperibus
1667 3373 1721 3417 et
1747 3362 1801 3415 in
1828 3372 2005 3416 orato-

441 3458 614 3520 toriis,
640 3472 860 3523 poscens
886 3456 1178 3524 adimplere
1200 3455 1518 3509 desiderium
1545 3469 1720 3508 suum.
1747 3453 2004 3509 Similiter

440 3562 614 3603 autem
643 3558 699 3604 et
740 3549 818 3604 vir
868 3548 981 3617 ejus
1010 3546 1270 3602 circuiens
1298 3549 1575 3615 quaerebat
1621 3547 1859 3602 invenire
1906 3547 2003 3599 ali-

2114 2357 2230 2403 erat
2276 2348 2491 2418 pulchra
2541 2348 2729 2413 nimis,
2758 2357 2813 2404 et
2855 2349 3147 2419 composita
3189 2351 3333 2406 vultu
3376 2361 3432 2405 et
3477 2356 3677 2409 animo.

2110 2444 2301 2498 Multos
2327 2454 2504 2499 autem
2518 2442 2847 2497 excitavitad
2872 2444 3234 2521 accipiendum
3257 2460 3371 2499 eam
3397 2445 3518 2500 ﬁliis
3541 2449 3676 2511 suis,

2105 2546 2159 2591 et
2183 2536 2363 2591 multis
2388 2536 2780 2591 decertantibus
2807 2552 2925 2591 cum
2956 2546 3102 2605 patre
3129 2537 3264 2605 ejus,
3296 2542 3575 2609 pervenire
3603 2543 3673 2597 ad

2110 2630 2267 2684 ﬁnem
2317 2643 2422 2683 non
2457 2636 2728 2696 poterant,
2776 2629 2869 2682 sed
2922 2638 3097 2685 tamen
3147 2630 3261 2698 ipse
3287 2630 3537 2687 dicebat:
3570 2633 3675 2687 Do-

2106 2720 2233 2773 mini
2266 2720 2511 2773 voluntas
2541 2719 2652 2773 ﬁat.
2684 2719 2829 2775 Unus
2857 2729 3030 2774 autem
3059 2736 3382 2790 exsuperans
3409 2739 3595 2780 omnes
3618 2726 3674 2780 in

2106 2809 2310 2865 honore
2335 2818 2389 2866 et
2414 2810 2629 2876 divitiis,
2660 2810 2938 2866 accersivit
2972 2824 3169 2876 patrem
3212 2813 3371 2879 illius,
3408 2824 3461 2868 et
3495 2825 3675 2884 postn-

2105 2900 2244 2955 labat
2272 2902 2339 2957 ab
2364 2917 2428 2957 eo
2458 2910 2513 2956 ut
2535 2901 2685 2957 daret
2714 2902 2875 2957 ﬁliam
2911 2902 3025 2974 ejus
3055 2904 3165 2958 lil.o
3188 2918 3286 2959 suo
3317 2905 3367 2959 iu
3394 2907 3673 2961 matrimo-

2104 2993 2210 3057 nio,
2250 3004 2303 3048 et
2330 2994 2611 3048 concessit.

2173 3083 2302 3138 CAP.
2334 3082 2423 3138 iV.
2453 3114 2522 3123 —
2556 3083 2682 3139 Post
2718 3085 2937 3138 multum
2965 3100 3089 3141 vero
3119 3087 3369 3156 temporis
3406 3087 3675 3153 accipiens

2108 3188 2225 3229 eam
2280 3173 2648 3245 Paphnutius,
2703 3191 2821 3230 cum
2864 3188 3008 3231 esset
3035 3192 3289 3233 annorum
3337 3179 3672 3247 octodecim,

2105 3271 2233 3324 abiit
2259 3272 2313 3325 in
2343 3271 2724 3325 monasterium
2776 3286 2894 3325 cum
2923 3288 3014 3337 ea,
3061 3274 3110 3327 in
3152 3290 3255 3343 quo
3301 3286 3672 3344 consueverat,

2106 3361 2427 3429 multamque
2456 3361 2647 3416 iterum
2678 3364 2948 3429 pecuniam
2980 3362 3195 3431 largitus
3225 3374 3307 3418 est
3334 3366 3399 3417 ad
3429 3380 3672 3419 necessa-

2104 3453 2178 3508 ria
2232 3452 2476 3509 fratrum.
2533 3454 2777 3524 Dixitque
2803 3454 2981 3510 abbati
3022 3471 3036 3509 :
3071 3456 3319 3511 Fructum
3370 3459 3668 3512 orationum

2108 3556 2311 3599 tuarum
2362 3545 2560 3600 adduxi
2615 3545 2728 3611 tibi,
2770 3556 2826 3599 ut
2869 3562 2994 3603 ores
3029 3564 3123 3617 pro
3156 3565 3253 3614 ea;
3281 3551 3401 3621 quia
3443 3549 3553 3619 jam
3602 3553 3668 3607 ad

440 3660 596 3713 quem
627 3644 892 3696 hominem
918 3641 1130 3710 dignum
1157 3641 1285 3703 Deo,
1312 3640 1402 3709 qui
1431 3649 1610 3708 posset
1633 3640 1876 3707 precibus
1897 3639 2007 3693 suis
2032 3629 2078 3692 C
2108 3639 2317 3705 nuptias
2353 3652 2470 3693 eam
2527 3638 2736 3694 tradere
2765 3639 2901 3695 volo.
2934 3640 3097 3696 Jussit
3123 3653 3299 3697 autem
3343 3642 3511 3697 abbas
3548 3660 3660 3698 eam

432 3736 686 3790 ell‘ectum
718 3732 965 3787 desiderii
994 3730 1108 3802 ejus
1130 3730 1412 3800 perlicere.
1446 3729 1510 3783 Et
1532 3730 1597 3782 ita
1623 3726 2005 3798 perambulavit

439 3827 491 3881 in
539 3824 879 3890 monasterio,
932 3824 981 3875 iu
1012 3837 1115 3890 quo
1167 3821 1404 3890 ejusdem
1446 3820 1751 3874 monasterii
1800 3829 2002 3887 patrem

439 3933 683 3987 magnum
714 3916 957 3969 dicebant
996 3915 1135 3983 apud
1166 3915 1349 3969 Deum.
1382 3913 1593 3981 lllicque
1626 3913 1912 3981 ingressus,
1948 3920 2003 3967 et

444 4009 658 4060 multam
710 4007 984 4073 pecuniam
1014 4004 1266 4069 oll'erens,
1297 4006 1516 4058 multam
1546 4006 1706 4059 etiam
1758 4003 1999 4057 ﬁduciam

439 4098 507 4153 ab
533 4097 719 4152 abbate
747 4106 799 4150 et
828 4097 1081 4150 universis
1112 4096 1361 4151 fratribus
1399 4108 1712 4152 consecutus
1737 4105 1835 4152 est.

511 4192 641 4248 Car.
668 4193 731 4248 ll.
758 4223 828 4233 —
852 4193 978 4247 Post
1019 4195 1237 4249 multum
1284 4211 1410 4250 vero
1460 4196 1713 4263 temporis
1752 4194 2001 4249 indicavit

443 4285 619 4340 abbati
644 4298 854 4339 causam
884 4283 1130 4338 desiderii
1158 4285 1236 4338 sui
1262 4301 1277 4338 :
1304 4286 1391 4353 qui
1419 4286 1748 4352 compatiens
1778 4287 1871 4351 illi,
1907 4301 2000 4353 po-

441 4376 657 4432 stulavit
679 4392 707 4429 a
740 4376 960 4429 Domino
985 4376 1098 4430 dari
1128 4377 1202 4430 illi
1233 4376 1455 4430 fructum
1486 4378 1718 4443 ventris;
1742 4386 1796 4432 et
1818 4378 2002 4432 ambo-

440 4486 556 4524 rum
584 4477 850 4524 Oranones
887 4467 1175 4522 exaudiens
1208 4468 1379 4534 Deus,
1411 4468 1632 4538 largitur
1679 4469 1888 4523 unicam
1933 4468 1998 4522 ii-

350 4560 355 4563 ⁴
443 4560 587 4613 liam.
620 4559 813 4614 Videns
839 4568 1012 4613 autem
1043 4558 1369 4627 Paphnutius
1412 4558 1619 4614 abbatis
1644 4559 2002 4626 conversatio-

441 4666 600 4717 nem,
643 4666 906 4727 nunquam
952 4664 982 4703 a
1027 4652 1348 4704 monasterio
1397 4649 1695 4704 recedebat.
1746 4649 1898 4704 Unde
1946 4659 2003 4703 et

441 4742 717 4812 coniugem
747 4757 896 4795 suam
927 4740 1247 4805 introduxit,
1295 4749 1349 4794 ut
1376 4740 1778 4795 benediceretur
1815 4742 1880 4793 ab
1908 4739 2001 4794 ah-

440 4834 560 4889 bate
587 4842 641 4890 et
666 4850 694 4887 a
718 4833 981 4887 fratribus.
1014 4833 1227 4888 Tollens
1254 4841 1427 4886 autem
1459 4832 1768 4886 infantulam
1792 4846 1823 4887 a
1841 4832 1996 4899 lacte,

441 4934 494 4980 et
523 4927 653 4979 tacta
682 4940 938 4978 annorum
964 4936 1164 4993 septem
1195 4923 1458 4991 baptizata
1485 4936 1584 4989 est,
1609 4924 1999 4992 imposuerunt-

2104 3730 2363 3785 introduci
2395 3731 2447 3784 in
2495 3731 2823 3785 xenodochia
2870 3733 3197 3797 monasterii,
3246 3732 3557 3802 locutusque
3582 3742 3664 3787 est

2104 3833 2223 3873 cum
2251 3834 2335 3883 ea,
2366 3829 2419 3873 et
2447 3820 2772 3876 benedicens
2817 3824 3123 3877 exhortatus
3151 3831 3233 3877 est
3256 3839 3374 3878 eam
3418 3825 3486 3878 de
3513 3824 3668 3879 casti-

2106 3922 2236 3980 tate,
2267 3925 2321 3967 et
2352 3913 2667 3983 humilitate,
2701 3925 2756 3970 et
2788 3917 3034 3985 patientia
3075 3917 3279 3970 timoris
3312 3917 3518 3971 Domini
3548 3936 3562 3970 :
3589 3918 3666 3972 fa-

2102 4006 2248 4060 ciens
2279 4006 2346 4060 ibi
2379 4014 2489 4062 tres
2528 4006 2665 4071 dies,
2690 4022 2877 4062 aurem
2912 4010 3135 4077 ponebat
3165 4011 3403 4078 quotidie
3431 4012 3495 4065 ad
3526 4013 3663 4078 psal-

2103 4112 2237 4160 mos,
2263 4106 2318 4151 et
2345 4097 2529 4151 videns
2563 4098 2885 4167 singulorum
2914 4101 3379 4154 conversationem
3407 4110 3461 4155 et
3494 4100 3653 4169 spiri-

2104 4189 2246 4245 tuale
2276 4191 2626 4259 propositum,
2674 4192 2963 4246 mirabatur
2991 4207 3177 4247 eorum
3225 4194 3407 4257 vitam,
3438 4193 3619 4248 dicens
3648 4210 3664 4251 :

2104 4282 2253 4336 Beati
2280 4291 2404 4338 sunt
2431 4283 2532 4338 viri
2567 4282 2672 4346 isti,
2703 4284 2791 4352 qui
2824 4285 2961 4352 etin
2995 4287 3093 4340 hoc
3120 4288 3317 4340 sancqu
3344 4287 3545 4341 similes
3572 4301 3669 4339 an-

2100 4373 2252 4442 gelis.
2280 4384 2331 4427 et
2357 4383 2475 4443 post
2504 4374 2617 4428 haec
2644 4375 2803 4427 vitam
2850 4383 3104 4430 aiternam
3149 4386 3560 4444 consequuntur.
3595 4378 3663 4432 Et

2101 4465 2260 4533 erepit
2286 4479 2378 4517 cor
2398 4466 2514 4533 ejus
2541 4477 2661 4520 esse
2689 4464 2966 4520 sollicitum
2996 4466 3047 4519 in
3079 4469 3193 4522 zelo
3220 4467 3413 4521 timoris
3437 4466 3548 4521 Dei.

2173 4555 2298 4610 Car.
2334 4554 2396 4608 V.
2420 4583 2490 4595 —
2517 4554 2640 4609 Post
2666 4565 2773 4609 tres
2812 4568 2984 4611 autem
3012 4557 3127 4613 dies
3169 4559 3293 4612 dixit
3334 4557 3661 4624 Paphnutius

2103 4645 2169 4699 ad
2198 4646 2443 4700 abbatem
2474 4663 2487 4699 :
2522 4644 2674 4711 Veni,
2710 4647 2884 4713 Pater,
2931 4658 2987 4701 ut
3013 4652 3204 4704 salutet
3233 4658 3284 4703 te
3310 4649 3501 4703 ant-illa
3548 4659 3665 4716 tua,

2102 4748 2157 4795 et
2182 4754 2271 4793 ora
2300 4755 2395 4807 pro
2423 4756 2506 4804 ea,
2538 4743 2655 4809 quia
2708 4743 2978 4797 ambulare
3026 4744 3267 4797 volumus
3294 4744 3345 4797 in
3373 4744 3663 4808 civitatem.

2102 4831 2232 4886 Cum
2256 4842 2430 4886 autem
2458 4832 2691 4887 venisset
2716 4834 2901 4899 abbas,
2933 4834 3155 4904 projecit
3192 4849 3252 4891 se
3282 4836 3451 4903 puella
3476 4834 3545 4889 ad
3578 4850 3667 4903 pe-

2103 4924 2197 4979 des
2222 4924 2357 4993 ejus,
2400 4925 2616 4978 dicens:
2641 4926 2874 4980 Obsecro
2904 4937 2974 4988 te.
3008 4928 3179 4989 Pater,
3208 4942 3304 4980 ora
3347 4941 3445 4995 pro
3476 4942 3583 4991 me,
3611 4936 3663 4981 ut

441 5032 541 5088 que
573 5018 646 5073 illi
675 5034 866 5073 nomen
898 5018 1320 5087 Euphrosynam.
1352 5014 1663 5071 Gaudebant
1698 5030 1873 5071 autem
1903 5032 1995 5071 su-
2026 5009 2077 5068 D
2102 5014 2329 5067 lucretur
2360 5013 2502 5069 Deus
2528 5015 2756 5068 animam
2789 5031 2981 5069 meam.
3017 5017 3426 5086 Extendensque
3449 5032 3658 5071 manum

443 5126 535 5178 per
564 5110 706 5164 illam
740 5120 980 5178 parentes
1007 5110 1159 5178 ejus,
1203 5110 1324 5179 quia
1355 5119 1469 5163 erat
1513 5119 1729 5179 accepta
1760 5109 1898 5176 Deo,
1943 5117 1996 5163 et

441 5198 655 5270 pulchra
687 5200 836 5254 facie.

512 5291 636 5345 Car.
665 5290 751 5344 Ill.
777 5319 847 5330 —
874 5291 1027 5347 Facta
1053 5302 1228 5347 autem
1257 5307 1513 5347 annorum
1543 5292 1818 5347 duodecim
1836 5333 1852 5357 ,
1885 5307 1998 5346 ma-

442 5390 522 5435 ter
546 5380 660 5449 ejus
701 5381 946 5450 migravit
995 5384 1061 5438 de
1106 5384 1205 5438 hoc
1252 5386 1467 5439 smculo.
1497 5383 1774 5439 Remansit
1819 5393 1995 5438 autem

442 5482 588 5540 pater
616 5473 751 5541 ejus,
783 5476 1028 5528 erudiens
1055 5491 1170 5529 eam
1203 5478 1394 5532 litteris
1438 5487 1492 5532 et
1520 5478 1856 5542 lectionibus,
1889 5492 1996 5532 cae-

442 5573 657 5635 teraque
686 5565 837 5633 hujus
886 5566 1062 5618 mundi
1104 5568 1393 5635 sapientia;
1424 5569 1591 5637 puella
1636 5585 1765 5624 vero
1796 5579 1991 5623 tantam

444 5655 709 5725 excipiens
754 5655 1083 5724 disciplinain
1106 5695 1121 5721 ,
1170 5658 1239 5709 ita
1273 5668 1327 5711 ut
1371 5658 1646 5713 miraretur
1673 5669 1821 5727 pater
1850 5659 1992 5713 illius

441 5747 788 5817 prudentiam.
828 5745 1019 5816 Opinio
1046 5754 1222 5800 autem
1254 5746 1367 5815 ejus
1398 5747 1692 5816 peragravit
1723 5758 1882 5803 totam
1910 5748 1988 5804 ci-

2100 5120 2249 5159 suam
2296 5105 2564 5159 benedixit
2607 5121 2746 5169 eam,
2795 5106 3018 5161 dicens:
3055 5108 3213 5170 Deus.
3257 5111 3345 5177 qui
3391 5110 3664 5179 cognoscis

2103 5198 2372 5252 hominem
2400 5208 2682 5264 antequam
2715 5211 2980 5261 nascatur,
3002 5199 3165 5271 365l
3194 5212 3247 5253 tu
3281 5202 3435 5268 hujus
3459 5203 3667 5254 ancilla:

2106 5300 2209 5345 tua:
2246 5305 2426 5344 curam
2458 5290 2655 5346 habere
2694 5292 2947 5359 digneris,
2978 5306 3035 5347 ut
3063 5303 3331 5347 lllt'l‘ealur
3370 5294 3665 5361 pur-inueni

2102 5387 2157 5432 et
2197 5381 2519 5433 consortium
2552 5381 2745 5435 habere
2787 5384 2839 5436 in
2892 5399 3056 5453 regno
3099 5388 3383 5437 caelorum.
3415 5383 3481 5437 Et
3518 5400 3667 5438 com-

2099 5472 2411 5527 mendantes
2457 5474 2594 5537 seni,
2643 5475 2887 5529 abierunt
2912 5476 2964 5530 in
2992 5477 3257 5531 civitatem
3292 5495 3305 5530 :
3339 5488 3488 5545 pater
3537 5493 3667 5529 vero

2095 5564 2237 5618 illius
2263 5569 2307 5618 si
2338 5565 2624 5635 aliquando
2655 5568 2954 5622 inveniebat
2988 5570 3336 5633 monachum,
3383 5570 3525 5623 hunc
3570 5570 3667 5621 ad-

2093 5656 2320 5712 ducebat
2366 5658 2431 5712 ad
2458 5660 2671 5714 domum
2717 5673 2887 5727 suam,
2920 5677 3117 5732 rogans
3147 5672 3204 5716 ut
3230 5671 3410 5717 oraret
3435 5676 3530 5730 pro
3574 5678 3659 5714 ea.

2094 5750 2209 5806 Una
2255 5759 2433 5808 autem
2464 5751 2552 5810 die
2599 5752 2986 5827 anniversaria,
3016 5754 3233 5833 quando
3258 5755 3534 5811 ordinatus
3579 5762 3665 5809 est
