4020 6220
401 321 506 377 645

1292 318 1442 373 VITA
1484 311 1773 372 SANC'UE
1816 309 2296 366 ΕυιδιιηοεγΝᾹῑ
2365 310 2675 367 νιοιιϐιΝιδ.

3516 322 3619 378 615

397 438 559 491 abbas
586 436 912 502 monasterii,
940 435 1008 489 de
1031 450 1137 495 auo
1161 448 1319 501 supra
1350 432 1600 493 diximus,
1630 433 1771 482 misit
1796 431 1955 482 abbas
1988 429 2030 485 Α
2064 443 2180 482 meo
2203 428 2510 483 inobediens
2531 445 2650 484 esse
2676 430 2804 498 patri
2824 446 2962 495 meo,
2986 435 3173 502 ctqm:l
3203 434 3386 490 faciam
3415 441 3619 493 nescio.

398 544 561 583 unum
604 544 636 584 e
664 528 911 583 fratribus
940 528 1003 579 ad
1054 525 1427 593 Paphnutinm,
1474 534 1531 576 ut
1563 525 1806 576 invitaret
1834 538 1953 571 enm

395 621 464 675 ad
492 620 879 675 solemnitatem
910 617 1114 669 abbatis
1138 633 1150 668 :
1177 615 1266 683 qui
1294 615 1478 667 abiens
1500 615 1550 667 in
1580 613 1794 666 domum
1819 616 1950 677 ejus,

396 710 671 781 requisivit
698 725 843 765 eum.
876 708 1027 762 Pueri
1060 713 1236 759 autem
1266 706 1512 758 dixerunt
1543 704 1590 758 ei
1620 720 1631 756 :
1668 704 1951 757 Processit.

465 803 593 855 CAP.
628 802 711 855 \‘l.
739 830 808 840 —
833 799 1066 853 Audiens
1111 812 1237 850 vero
1289 797 1662 865 Euphrosyna,
1693 806 1747 847 et
1790 796 1955 845 advo-

398 907 527 947 Cans
577 892 720 946 illum
770 890 1023 953 fratrem,
1074 890 1234 956 cmpit
1282 902 1403 941 eum
1455 888 1829 956 interrogare:
1867 886 1957 939 Dic

397 986 524 1040 mihi
557 1001 649 1052 pro
679 984 953 1043 chaiitate,
988 982 1203 1035 domine
1235 982 1303 1033 mi
1336 978 1514 1045 frater,
1550 981 1728 1049 quanti
1768 978 1957 1033 fratres

397 1079 525 1134 estis
554 1078 604 1131 in
635 1075 976 1130 monasterio.
1010 1078 1077 1126 At
1108 1075 1199 1129 ille
1228 1074 1359 1126 dixit
1385 1090 1398 1125 :
1427 1072 1670 1126 Trecenti
1701 1073 1959 1140 quinqua-

396 1172 539 1240 ginta
569 1169 693 1222 duo.
742 1168 881 1221 Dixit
906 1168 953 1221 ei
1000 1166 1211 1234 puella:
1245 1166 1346 1231 Qui
1385 1165 1609 1219 voluerit
1648 1164 1827 1219 venire
1856 1163 1958 1217 illic

394 1260 461 1315 ad
504 1259 933 1321 conversionem,
964 1256 1188 1323 suscipit
1231 1256 1377 1307 illum
1409 1256 1571 1307 abbas
1617 1254 1827 1307 vester?
1859 1254 1959 1306 lie-

394 1354 605 1421 apondit
633 1354 679 1406 ei
707 1370 721 1407 :
754 1353 921 1406 ltitiam
962 1366 1081 1404 cum
1115 1351 1279 1403 multo
1310 1349 1500 1418 gaudio
1529 1349 1748 1415 suscipit
1789 1350 1952 1411 illum,

395 1445 623 1498 maxime
653 1454 865 1512 propter
896 1457 1075 1495 vocem
1109 1440 1340 1502 Dutnini,
1374 1440 1460 1507 qui
1491 1439 1661 1492 dixit:
1687 1439 1788 1505 Qui
1817 1441 1958 1491 venit

392 1536 461 1588 ad
509 1551 593 1589 me
617 1578 630 1601 ,
666 1550 768 1588 non
798 1534 1002 1601 ejiciam
1057 1531 1197 1585 foras
1244 1530 1420 1597 (Joan.
1456 1531 1553 1599 vt).
1586 1531 1718 1584 Dicit
1753 1531 1800 1584 ei
1848 1532 1958 1584 En-

397 1631 666 1697 phrosyna
699 1642 713 1678 :
749 1624 944 1678 Omnes
998 1623 1050 1677 in
1101 1623 1325 1677 ecclesia
1374 1633 1546 1676 vestra
1598 1622 1855 1690 psallitis,
1906 1632 1959 1677 et

393 1718 670 1788 aequaliter
712 1717 1000 1786 jejuuatis?
1060 1717 1191 1769 Dicit
1220 1715 1265 1768 ei
1313 1716 1601 1769 monachus
1635 1715 1719 1769 ille
1754 1733 1764 1767 :
1799 1715 1957 1769 Com-

2059 520 2241 573 Totam
2290 523 2428 576 enim
2458 532 2666 575 noctem
2698 524 2896 592 absque
2924 538 3110 577 somno
3142 529 3390 590 transivi,
3433 539 3617 592 postu-

2060 612 2170 665 lans
2202 614 2360 667 Deum
2389 622 2446 665 ut
2475 614 2779 668 ostenderet
2803 616 2991 669 anima:
3031 632 3160 671 mea:
3201 618 3629 674 misericordiam

2057 721 2237 768 soam;
2268 719 2319 762 et
2352 724 2505 761 mane
2535 710 2694 776 facto,
2729 710 2924 776 placuit
2972 710 3097 764 milii
3129 710 3337 764 mittere
3369 712 3419 764 in
3450 713 3614 766 eccle-

2057 797 2211 859 siam,
2245 807 2297 850 et
2329 799 2591 852 adducere
2621 816 2776 851 unum
2812 802 3043 865 intrent,
3075 811 3131 853 tit
3154 800 3385 853 audirent
3417 802 3483 855 ab
3508 803 3616 868 ipso

2057 889 2271 939 verbum
2303 887 2508 951 salutis,
2536 898 2589 940 et
2618 889 2741 957 qttid
2787 889 2959 942 facere
2988 892 3230 945 debeam.
3276 891 3489 943 Postulo
3528 906 3617 944 an-

2057 988 2161 1031 tem
2195 990 2265 1043 te,
2296 978 2470 1043 Pater,
2507 996 2601 1047 pro
2632 981 2878 1035 mercede
2907 982 3099 1035 anima:
3130 993 3262 1047 tum,
3297 984 3407 1036 seio
3435 986 3552 1049 quia
3590 999 3617 1035 a

2058 1069 2167 1123 Deo
2198 1073 2389 1125 missus
2419 1086 2498 1135 es,
2530 1070 2662 1125 dore
2703 1087 2785 1126 me
2812 1089 2928 1141 quae
2971 1072 3056 1126 Dei
3088 1081 3228 1126 sunt.
3262 1074 3395 1126 Dicit
3439 1075 3486 1128 ei
3531 1088 3618 1128 se-

2060 1164 2178 1213 nior
2214 1177 2228 1214 :
2264 1162 2513 1216 Dominus
2556 1162 2685 1216 dicit
2715 1182 2725 1215 :
2754 1164 2808 1217 Si
2858 1164 2973 1231 quis
3023 1181 3126 1217 non
3177 1166 3623 1221 abrenuntiaverit

2058 1262 2284 1320 patrem,
2326 1261 2382 1307 et
2424 1264 2675 1319 matrem,
2709 1266 2762 1307 et
2793 1258 2998 1319 fratres,
3030 1269 3081 1309 cl
3118 1258 3167 1309 fil
3194 1272 3272 1319 os,
3323 1259 3534 1324 insuper
3570 1268 3623 1312 et

2062 1344 2341 1410 propriam
2368 1346 2627 1409 animam,
2679 1362 2780 1398 non
2816 1356 2984 1412 potest
3014 1362 3161 1400 incus
3190 1363 3309 1402 esse
3338 1348 3623 1417 discipulus

2059 1433 2239 1501 (Luco;
2281 1434 2407 1506 le).
2442 1437 2550 1503 Ego
2589 1437 2678 1489 tibi
2715 1439 2828 1503 plus
2864 1438 3041 1492 dicere
3083 1441 3283 1493 nescio.
3333 1440 3530 1495 Tamen
3578 1442 3623 1495 si

2066 1537 2214 1587 potes
2260 1528 2395 1581 ferae
2430 1538 2749 1582 lentantettla
2793 1531 2999 1587 carnis,
3037 1532 3271 1598 relinque
3316 1534 3521 1599 omnia,
3570 1542 3623 1586 et

2061 1616 2179 1686 fuge
2211 1618 2483 1672 facilitates
2511 1624 2672 1687 patris
2703 1621 2794 1689 tui,
2836 1636 2951 1689 qua:
2983 1623 3173 1672 multos
3202 1624 3475 1675 inveniunt
3507 1623 3619 1674 bae-

2060 1713 2233 1764 tedes.
2266 1712 2399 1766 Ecce
2423 1713 2631 1780 ptocbia
2655 1713 2753 1785 (5),
2786 1715 3100 1767 ltierocomia
3129 1714 3234 1785 (.i),
3270 1716 3613 1777 xenodocltia,

395 1812 625 1867 muniter
646 1813 856 1880 quidem
890 1810 1180 1879 psallimus,
1204 1809 1402 1877 jvjunia
1439 1824 1564 1862 vero
1595 1810 1955 1877 minsquisque
1990 1804 2028 1858 Β
2058 1806 2402 1867 monasteria,
2457 1806 2657 1870 viduae,
2701 1806 2900 1874 pupilli,
2938 1805 3228 1874 peregtini,
3276 1806 3488 1871 infirmi,
3530 1822 3620 1859 ca-

391 1905 658 1974 quomodo
707 1905 846 1966 vult,
894 1915 984 1955 aut
1012 1912 1263 1971 quantum
1297 1900 1453 1963 valet,
1482 1908 1538 1952 ut
1567 1916 1669 1952 non
1713 1902 1801 1952 fiat
1828 1916 1957 1952 con-

396 2002 575 2049 tu‘max
604 1994 885 2047 voluntatis
932 1992 1283 2056 conversatio,
1313 1990 1405 2045 sed
1434 1990 1631 2059 pt'0prii
1672 1990 1877 2044 arbitrii
1906 1998 1959 2043 et

394 2099 682 2157 spuntanea
757 2089 1045 2142 voluntate.
1137 2086 1359 2140 Omnem
1432 2101 1560 2153 ergo
1624 2098 1960 2155 perscrutans

398 2181 778 2233 monachorum
843 2179 1352 2241 conversationem,
1427 2177 1565 2229 dixit
1635 2179 1700 2229 ad
1781 2193 1962 2230 mona-

401 2270 562 2321 chum
590 2287 602 2322 :
659 2268 907 2323 Volebam
937 2270 1104 2332 abire,
1156 2276 1211 2321 et
1240 2268 1515 2335 pervenire
1542 2268 1605 2320 ad
1664 2266 1961 2337 ltujusmodi

396 2358 803 2414 inenarrabilem
837 2361 1030 2421 vitam;
1064 2360 1155 2413 sed
1188 2361 1348 2412 timeo
1380 2358 1685 2413 inobediens
1718 2374 1836 2411 esse
1868 2374 1961 2426 pa-

396 2450 462 2504 tri
489 2465 632 2517 meo,
662 2451 783 2518 quia
811 2466 907 2519 pro
952 2466 1082 2503 vana
1113 2460 1165 2503 et
1191 2450 1389 2504 caduca
1434 2450 1586 2519 ltujtts
1628 2450 1805 2503 surculi
1837 2450 1963 2503 sub—

396 2542 589 2596 stantia
639 2544 785 2611 cupit
831 2558 915 2594 me
946 2541 1152 2596 tradere
1199 2541 1334 2594 viro.
1369 2539 1505 2594 Dicit
1532 2541 1581 2593 ei
1628 2540 1957 2593 monachus:

399 2635 590 2697 Soror,
620 2647 723 2687 non
752 2632 1025 2702 permittas
1056 2641 1111 2685 ut
1143 2632 1340 2697 polluat
1370 2629 1527 2683 ltomo
1554 2644 1744 2696 corpus
1790 2640 1957 2696 tuum,

397 2736 450 2780 et
477 2724 648 2779 tradas
676 2726 832 2778 talem
861 2722 1303 2791 pulchritudinem
1338 2721 1443 2790 pati
1475 2722 1836 2789 cpprobrium,
1865 2724 1958 2774 sed

399 2814 659 2882 desponsa
684 2823 735 2867 te
760 2812 990 2878 Christo,
1020 2812 1106 2881 qui
1131 2812 1222 2865 tibi
1249 2820 1418 2878 poteSt
1448 2826 1541 2879 pro
1569 2811 1693 2879 ipsis
1714 2813 1962 2865 omnibus

410 2906 800 2961 tranSeuntibus
826 2904 955 2960 dare
984 2920 1202 2975 regnum
1227 2905 1507 2969 calorum,
1554 2914 1607 2958 et
1635 2904 1959 2958 consortium

411 2998 729 3067 angelorum.
760 2997 976 3052 Occulta
1006 3007 1181 3051 autem
1209 2997 1415 3062 exiens,
1448 2995 1579 3049 vade
1602 2996 1666 3050 ad
1697 3005 1960 3050 monaste-

410 3089 561 3153 rium,
595 3098 796 3142 mutato
830 3089 1019 3149 \babitu
1064 3088 1307 3142 saeculari
1351 3088 1508 3141 indue
1539 3099 1737 3141 vestem
1782 3080 1961 3139 rn'ona-

2067 1894 2216 1962 ptivi,
2264 1895 2351 1949 ubi
2395 1896 2616 1951 voluerit
2646 1908 2697 1952 et
2728 1899 2980 1966 placuerit
3010 1902 3139 1967 patri
3168 1908 3287 1963 tuo,
3327 1901 3621 1968 relinquet;

2064 1995 2115 2038 tn
2148 1986 2284 2049 sola,
2337 2003 2405 2042 ne
2455 1989 2643 2055 perdas
2696 1990 2924 2042 animam
2967 1998 3129 2043 tuam.
3162 1989 3295 2043 Dicit
3332 1990 3380 2042 ei
3414 1989 3622 2058 puella:

2064 2076 2283 2132 Confido
2342 2078 2393 2133 itt
2443 2080 2604 2133 Deum
2659 2092 2711 2134 et
2765 2082 3088 2135 orationibus
3148 2082 3272 2145 tuis,
3327 2082 3446 2150 quia
3483 2082 3627 2134 labu-

2063 2184 2181 2224 rare
2240 2170 2406 2225 Labeo
2458 2186 2553 2239 pro
2594 2172 2763 2225 anima
2795 2188 2941 2237 mea,
3010 2173 3119 2227 Deo
3146 2173 3449 2227 auxiliante.
3494 2174 3627 2227 Dicit

2065 2260 2114 2313 ei
2157 2275 2317 2315 senex
2350 2278 2362 2313 :
2393 2261 2537 2315 Talia
2577 2262 2837 2317 desideria
2866 2278 2896 2316 a
2936 2265 3181 2318 firmitate
3227 2280 3329 2318 non
3374 2265 3623 2319 decidan-

2065 2360 2175 2414 tur;
2208 2350 2364 2404 mudo
2392 2353 2529 2404 enim
2557 2365 2638 2406 est
2665 2366 2867 2421 tempus
2895 2355 3238 2421 paenitentiae.
3270 2355 3408 2409 Dicit
3436 2358 3483 2410 ei
3520 2356 3623 2409 Ett-

2064 2443 2330 2512 pltrosyna
2358 2462 2369 2495 :
2402 2444 2465 2497 Et
2494 2446 2613 2499 ideo
2645 2452 2694 2499 te
2720 2446 2948 2516 fatigavi,
2976 2458 3030 2501 ut
3059 2448 3278 2517 impleas
3303 2449 3624 2504 desiderium

2067 2550 2276 2599 tnetnn;
2312 2545 2363 2588 et
2395 2535 2528 2589 facta
2558 2538 2793 2591 oratione
2843 2538 3122 2597 benedicas
3149 2554 3262 2604 me,
3309 2551 3360 2594 et
3389 2541 3627 2594 abscidas

2062 2637 2265 2677 comam
2294 2626 2485 2691 capitis
2525 2627 2651 2679 mei.
2686 2627 2749 2680 Et
2777 2643 3066 2699 exsurgens
3093 2628 3289 2694 senior,
3322 2628 3457 2683 facta
3504 2647 3626 2684 ora-

2065 2714 2205 2767 tione
2233 2714 2456 2768 abscidit
2482 2730 2686 2769 c0tnam
2714 2719 2900 2784 capitis
2928 2721 3065 2786 ejus,
3097 2720 3369 2789 induttque
3394 2718 3509 2775 ea'm
3543 2732 3625 2775 tn-

2066 2808 2233 2861 nicam
2266 2810 2549 2863 schematis
2578 2810 2677 2881 (5),
2702 2821 2757 2865 et
2779 2827 2939 2865 orans
2967 2829 3061 2879 pro
3088 2831 3147 2867 ea
3173 2815 3343 2870 dixit:
3371 2816 3507 2870 Deus
3536 2817 3625 2886 qni

2066 2904 2309 2957 liberavit
2352 2922 2535 2960 omnes
2564 2916 2776 2961 sanctos
2813 2922 2967 2971 suos,
3001 2909 3115 2975 ipse
3159 2910 3422 2963 custodiat
3469 2920 3520 2965 te
3559 2915 3626 2963 ab

2065 2999 2205 3051 omni
2236 2998 2395 3052 male.
2428 3001 2489 3052 Et
2523 2999 2632 3054 haec
2659 3000 2841 3054 dicens
2870 3017 3031 3055 senex
3052 3046 3065 3066 ,
3097 3003 3339 3058 discessit
3366 3004 3431 3058 ab
3454 3020 3542 3070 ea,
3575 3016 3627 3060 et

2065 3089 2363 3142 ambulabat
2388 3089 2438 3144 in
2472 3091 2551 3143 via
2582 3106 2672 3145 sua
2703 3093 2953 3160 gaudens.

406 3182 622 3249 chilem,
675 3191 733 3235 ut
759 3180 930 3248 possis
954 3182 1200 3236 evadere.
1230 3182 1359 3247 Quae
1401 3196 1520 3234 cum
1555 3181 1666 3233 haec
1710 3182 1961 3244 audissrt,
1992 3165 2035 3225 Ο
2138 3180 2297 3252 665
2335 3182 2463 3237 Car.
2501 3183 2624 3237 \‘Ill.
2654 3214 2723 3224 —
2752 3186 3091 3256 Euphrosyna
3120 3202 3246 3241 vero
3289 3191 3526 3256 cogitans
3574 3191 3627 3246 in

405 3272 604 3347 placuit
634 3274 730 3340 illi,
759 3284 813 3327 et
840 3273 971 3329 dixit
1012 3274 1082 3327 ad
1111 3289 1231 3328 eum
1266 3292 1279 3327 :
1314 3276 1375 3327 Et
1404 3274 1520 3343 quis
1550 3291 1632 3327 me
1664 3274 1819 3327 habet
1850 3284 1965 3327 ton-

405 3366 569 3420 dere?
597 3365 818 3420 Nolebat
842 3381 869 3417 a
901 3366 1037 3420 laico
1062 3367 1290 3429 tonderi,
1320 3365 1407 3435 qui
1438 3383 1538 3419 non
1567 3376 1741 3421 servat
1785 3369 1961 3423 fidem.

408 3452 545 3510 Dicit
570 3457 619 3509 ei
649 3454 935 3510 monachus
981 3453 1107 3511 ille:
1141 3457 1276 3510 Ecce
1322 3467 1468 3525 pater
1497 3468 1615 3517 tuus
1655 3457 1829 3512 veniet
1856 3474 1966 3511 tne-

406 3564 527 3603 cum
555 3548 619 3603 ad
650 3549 1049 3615 monasterium,
1080 3558 1135 3603 et
1173 3549 1327 3603 faciet
1352 3551 1420 3603 ibi
1451 3558 1558 3604 tres
1585 3552 1697 3605 dies
1727 3554 1805 3604 vel
1836 3567 1966 3620 qua-

408 3648 549 3694 tuor.
597 3639 675 3694 Tu
702 3648 878 3694 autem
923 3640 1096 3695 adduc
1126 3658 1284 3694 unum
1314 3642 1382 3695 (le
1412 3645 1706 3710 monachis,
1739 3655 1792 3698 et
1836 3660 1967 3713 quo-

407 3732 565 3787 modo
589 3734 756 3799 voles,
786 3742 1029 3786 occurret
1059 3734 1146 3786 tibi
1185 3748 1302 3787 cum
1335 3749 1525 3804 magno
1553 3734 1763 3801 gaudio.

474 3825 602 3880 CAP.
639 3825 742 3879 νη.
768 3855 835 3866 -
864 3825 985 3881 llaec
1012 3836 1065 3881 et
1089 3827 1169 3880 his
1198 3826 1384 3880 similia
1412 3827 1502 3881 illo
1527 3829 1736 3884 dicente
1765 3830 1831 3884 ad
1862 3829 1966 3884 Eu-

410 3917 751 3990 pltrosynam,
784 3919 923 3974 venit
954 3919 1310 3988 Paphnutius,
1340 3931 1393 3975 et
1416 3921 1598 3977 videns
1628 3924 1965 3990 monachum,

410 4009 746 4079 interrogavit
798 4026 955 4075 eum,
1002 4011 1225 4066 dicens:
1269 4013 1402 4077 Quid
1434 4014 1499 4066 ad
1554 4028 1651 4068 nos
1699 4014 1963 4071 fastidium

411 4102 704 4168 sumpsisti,
754 4102 1004 4157 domine?
1036 4104 1094 4157 Et
1129 4104 1260 4158 dixit
1287 4106 1351 4158 ad
1397 4122 1556 4160 eum:
1592 4108 1966 4167 Anniversaria

414 4191 525 4244 dies
550 4201 629 4245 est
653 4194 977 4253 monasterii.
1005 4194 1147 4247 misit
1175 4212 1260 4249 me
1306 4197 1467 4252 abbas
1498 4207 1554 4253 ut
1580 4200 1765 4254 venias
1794 4215 1847 4256 et
1876 4218 1966 4257 ac-

415 4285 574 4353 cipias
598 4286 1042 4345 beliedictionem.
1068 4290 1288 4345 Gavisus
1312 4304 1391 4347 est
1412 4305 1585 4349 autem
1617 4297 1965 4365 Paphnutius,

409 4376 778 4451 ingressusque
804 4396 923 4436 cum
953 4397 1018 4436 eo
1049 4383 1102 4437 in
1134 4384 1447 4448 naviculam,
1477 4387 1720 4443 abierunt
1771 4391 1821 4444 in
1852 4405 1966 4444 mo-

406 4473 712 4526 nasterium.
740 4473 869 4527 Cum
892 4485 1065 4529 autem
1094 4491 1233 4531 esset
1260 4478 1352 4542 ibi,
1380 4480 1592 4535 mittens
1617 4481 1960 4553 Euphrosyna

2066 3278 2342 3343 semetipsa
2372 3276 2545 3329 dixit:
2571 3276 2625 3331 Si
2657 3277 2994 3331 ambulaveru
3023 3280 3073 3331 in
3108 3281 3431 3335 monasterio
3474 3281 3625 3346 [uel-

2066 3365 2230 3419 larum
2250 3406 2264 3428 ,
2298 3377 2449 3434 pater
2480 3381 2626 3420 meus
2653 3370 2924 3437 requirens
2955 3370 3184 3423 inveniet
3213 3386 3315 3432 me,
3347 3379 3401 3425 et
3425 3371 3627 3425 violen—

2067 3465 2147 3510 ter
2174 3458 2347 3512 lrabet
2374 3473 2458 3512 me
2480 3458 2601 3513 inde
2632 3471 2845 3528 propter
2872 3477 3124 3529 sponsum
3167 3478 3363 3515 meum.
3394 3463 3626 3517 Proinde

2068 3562 2279 3617 pergam
2301 3549 2367 3602 ad
2393 3552 2766 3605 monasterium
2790 3554 3043 3617 virorum,
3065 3554 3153 3608 ubi
3178 3554 3349 3607 nullus
3371 3554 3624 3624 suspiciet

2069 3651 2153 3692 me
2180 3653 2317 3692 esse.
2352 3640 2415 3692 Et
2444 3639 2557 3694 haec
2583 3640 2764 3695 dicens
2796 3642 3016 3710 projecit
3044 3653 3241 3697 vestem
3281 3645 3623 3707 muliebrem,

2068 3728 2339 3799 induitque
2375 3744 2434 3786 se
2461 3731 2683 3797 virilem,
2710 3741 2763 3787 et
2804 3748 2924 3787 sero
2965 3733 3117 3787 facto
3148 3734 3310 3807 exivit
3353 3736 3420 3789 de
3466 3736 3627 3789 domo

2071 3836 2188 3888 sua,
2216 3826 2479 3893 accipiens
2502 3839 2680 3879 secum
2705 3826 3019 3895 quingentos
3039 3825 3254 3890 solidos,
3278 3834 3332 3880 et
3352 3827 3628 3883 abscondit

2067 3931 2127 3970 se
2154 3916 2206 3970 in
2237 3918 2414 3987 aliquo
2444 3918 2561 3973 loco
2590 3934 2684 3988 per
2711 3928 2872 3972 totam
2904 3929 3133 3975 noctem.
3164 3920 3315 3976 Mane
3342 3931 3516 3974 autem
3547 3918 3629 3975 fa-

2068 4016 2176 4074 cto,
2225 4009 2371 4063 venit
2416 4017 2563 4077 pater
2598 4008 2713 4080 ejus
2756 4010 2808 4064 in
2851 4010 3151 4078 civitatem;
3196 4013 3405 4067 volente
3448 4022 3625 4067 autem

2071 4100 2202 4165 Deo,
2222 4100 2397 4154 statim
2430 4102 2482 4155 itt
2512 4101 2732 4157 ecclesia
2764 4103 3069 4157 ambulavit.
3102 4104 3442 4175 Euphrosyna
3470 4105 3627 4175 igitur

2068 4195 2306 4263 pervenit
2330 4194 2395 4248 ad
2425 4197 2799 4251 monasterium
2827 4196 2971 4261 illud,
3000 4198 3089 4252 ubi
3118 4210 3171 4253 et
3201 4209 3350 4268 pater
3371 4198 3483 4267 ejus
3508 4210 3626 4253 erat

2068 4287 2391 4354 notissimus,
2415 4298 2469 4342 et
2489 4289 2746 4344 nuntiavit
2772 4303 2866 4359 per
2885 4290 3156 4345 ostiarium
3179 4292 3374 4356 abbati,
3394 4292 3575 4346 dicens
3604 4306 3619 4344 :

2069 4378 2352 4433 Eunuchus
2379 4379 2589 4447 quidam
2627 4381 2694 4435 de
2731 4381 2927 4450 palatio
2965 4383 3214 4447 veniens,
3266 4392 3388 4438 ante
3429 4383 3623 4437 ostium

2068 4480 2192 4535 stat,
2240 4472 2461 4540 cupiens
2499 4471 2642 4541 loqui
2689 4480 2881 4527 tecum.
2930 4472 3157 4543 Egresso
3186 4483 3358 4528 autem
3400 4473 3624 4538 abbate,

401 4575 563 4616 unum
594 4563 845 4619 famulum
901 4566 1282 4635 fidelissimum,
1314 4571 1489 4625 dixit:
1526 4573 1667 4629 Vade
1694 4544 1746 4629 in
1781 4544 1963 4632 mu-na-
1989 4544 2043 4604 Β
2069 4562 2291 4630 Proin“
2337 4576 2396 4617 se
2440 4562 2780 4633 Euphrosyna
2812 4565 2863 4618 ίη
2907 4572 3076 4629 ιθετθν
3109 4570 3163 4617 ει
3208 4565 3340 4617 [πελ
3387 4563 3627 4616 “alio”

401 4653 623 4707 sterium
659 4655 965 4725 Theodosii,
1015 4658 1390 4732 ingressusque
1430 4664 1730 4733 ecclesiam,
1774 4684 1962 4723 mona-

404 4738 561 4793 chum
589 4756 744 4810 quem
770 4744 841 4798 ibi
870 4746 1138 4803 inveneris
1166 4750 1336 4805 adduc
1380 4762 1572 4806 tecum.
1604 4755 1959 4813 Misericordia

403 4838 580 4884 autem
612 4831 703 4885 Dei
732 4847 856 4888 ecce
908 4837 1119 4905 quidam
1151 4843 1441 4897 monachus
1469 4845 1714 4900 veniebat
1758 4849 1824 4903 de
1856 4866 1960 4903 mo-

403 4924 656 4986 nasterio,
686 4926 919 4981 vendens
938 4945 1052 4998 quae
1075 4946 1251 4986 secum
1275 4935 1519 4992 habebat.
1548 4939 1611 4993 Et
1633 4941 1816 4996 videns
1836 4958 1957 4997 eum

403 5027 566 5081 puer,
598 5016 797 5083 rogavit
820 5031 939 5072 eum
980 5028 1035 5073 ut
1062 5021 1259 5076 veniret
1290 5025 1356 5078 ad
1407 5027 1825 5100 Euphrosynam.
1857 5033 1959 5097 Qui

401 5116 522 5156 cum
552 5105 813 5171 venisset,
841 5106 1022 5163 videns
1046 5124 1164 5163 eum
1209 5115 1398 5178 puella,
1446 5130 1666 5186 surgens
1710 5122 1957 5177 salutavit

398 5208 541 5261 eum,
570 5194 752 5250 dicens
779 5214 791 5249 :
822 5197 924 5251 Ora
953 5213 1047 5267 pro
1077 5216 1180 5264 me,
1215 5203 1395 5269 Pater;
1426 5214 1479 5257 et
1503 5222 1661 5262 orans
1684 5209 1956 5267 benedixit

395 5298 536 5349 eam,
566 5294 619 5340 et
644 5287 800 5341 sedit.
831 5287 970 5344 Dixit
996 5300 1170 5345 autem
1204 5293 1585 5369 Eupltrosyna:
1618 5301 1835 5356 Domine
1862 5306 1952 5370 mi,

398 5391 496 5447 ego
521 5376 689 5434 habeo
726 5389 925 5448 patrem
954 5381 1309 5438 Chrisianutn
1341 5396 1394 5441 et
1432 5404 1639 5445 servum
1676 5393 1797 5461 Dei,
1831 5412 1953 5465 pos-

399 5480 657 5527 sessorem
700 5472 1005 5529 suhslantiae
1035 5478 1220 5536 nimis;
1263 5477 1547 5548 habuitque
1592 5500 1807 5540 uxorem
1837 5504 1954 5559 qua;

399 5573 483 5615 me
511 5560 709 5631 genuit,
738 5579 853 5632 qua:
875 5564 983 5634 jam
1008 5568 1251 5622 transivit
1276 5570 1342 5625 de
1363 5572 1461 5627 hac
1489 5575 1614 5629 vita.
1640 5575 1951 5637 Vultautem

396 5663 545 5725 pater
570 5670 719 5711 meus
763 5672 859 5726 pro
894 5660 1136 5716 omnibus
1162 5662 1319 5721 rebus
1342 5667 1453 5722 suis
1483 5671 1690 5727 tradere
1717 5687 1802 5728 me
1845 5687 1948 5729 εξε-
1988 5678 1989 5681 “

396 5745 516 5802 culo
546 5746 664 5803 huic
690 5746 890 5820 iniquo,
917 5760 970 5808 et
990 5765 1089 5821 ego
1117 5752 1238 5811 nolo
1278 5754 1533 5825 inquinari
1561 5760 1614 5817 in
1646 5775 1731 5829 eo,
1760 5761 1851 5820 sed
1885 5764 1949 5819 ti-

2069 4654 2338 4708 sederunt.
2372 4654 2504 4708 Dicit
2530 4654 2579 4709 ei
2608 4668 2771 4709 senex
2799 4671 2813 4708 :
2847 4654 2979 4722 Quid
3006 4664 3088 4709 est
3115 4655 3253 4724 quod
3285 4655 3386 4709 huc
3411 4655 3624 4718 venisti,

2068 4744 2184 4799 fili?
2212 4746 2346 4800 Dicit
2367 4746 2415 4799 ei
2443 4745 2791 4817 Eupltrosyna
2827 4763 2841 4800 :
2872 4746 2983 4815 Ego
3010 4746 3217 4817 quidem
3240 4746 3306 4801 de
3336 4746 3527 4813 palatio
3552 4747 3624 4801 fui

2066 4839 2370 4903 eunuchus,
2399 4848 2451 4892 et
2480 4838 2797 4895 desiderium
2829 4839 2982 4893 habui
3010 4853 3225 4908 semper
3267 4840 3624 4893 conversatio-

2066 4944 2187 4984 nem
2217 4933 2616 4993 monachorum,
2641 4942 2693 4987 et
2713 4932 2899 4987 civitas
2928 4942 3105 4985 nostra
3134 4945 3270 4986 nunc
3291 4932 3443 4986 valde
3467 4930 3625 4987 habet

2063 5026 2162 5080 hoc
2192 5025 2420 5079 studium
2448 5026 2883 5080 conversationis.
2908 5024 3097 5078 Notum
3125 5034 3296 5079 autem
3321 5025 3513 5078 factum
3540 5034 3622 5080 est

2062 5117 2189 5173 .nihi
2214 5118 2281 5173 de
2311 5118 2444 5171 bona
2474 5128 2649 5173 vestra
2678 5119 3103 5182 conversatione,
3129 5127 3181 5172 et
3207 5118 3362 5187 cupio
3384 5117 3623 5174 habitare

2063 5210 2356 5262 vobiscum.
2390 5208 2568 5262 Habeo
2593 5209 2732 5262 enim
2775 5215 2828 5262 et
2854 5208 3214 5277 possessiones
3241 5210 3466 5273 multas,
3493 5220 3545 5263 et
3575 5209 3621 5265 si

2059 5300 2305 5356 dominus
2333 5298 2538 5355 dederit
2578 5299 2838 5369 requiem,
2867 5298 3073 5353 adduco
3114 5314 3206 5353 eas
3249 5299 3369 5355 huc.
3404 5300 3536 5354 Dicit
3571 5300 3622 5356 el

2060 5408 2222 5448 senex
2255 5411 2267 5446 :
2302 5395 2440 5448 Bene
2466 5392 2672 5455 venisti,
2704 5392 2776 5446 fili
2807 5408 2822 5447 :
2851 5407 2975 5448 ecce
3002 5395 3405 5459 monasterium;
3429 5395 3470 5448 si
3503 5394 3617 5460 pla-

2059 5498 2165 5552 cet,
2195 5486 2371 5540 ltabila
2400 5486 2691 5541 nobiscum.
2717 5487 2780 5540 Et
2803 5486 2932 5541 dicit
2955 5486 3002 5541 ei
3027 5501 3184 5542 senex
3211 5488 3298 5542 ille
3328 5506 3343 5542 :
3367 5487 3513 5554 Quod
3536 5495 3618 5539 est

2060 5595 2250 5634 nomen
2285 5581 2468 5634 tuum?
2495 5580 2628 5634 Dicit
2653 5581 2701 5635 ei
2726 5596 2742 5634 :
2771 5581 3107 5649 Smaragdus.
3143 5582 3277 5635 Dicit
3312 5580 3359 5635 ei
3406 5579 3567 5632 abbas
3597 5591 3618 5632 ε

2057 5671 2275 5727 Juvenis
2304 5688 2385 5739 es,
2416 5688 2520 5729 non
2551 5680 2701 5744 potes
2734 5674 2878 5730 solus
2905 5673 3112 5739 sedere,
3143 5688 3275 5742 opus
3301 5680 3382 5727 est
3406 5669 3495 5723 tibi
3521 5681 3619 5723 na-

2054 5768 2181 5825 bere
2211 5770 2541 5841 magistrum,
2573 5779 2629 5828 ut
2665 5771 2837 5828 discas
2884 5768 3115 5839 regulam
3163 5775 3218 5822 et
3258 5760 3611 5822 conversatio-
