4020 6286
431 326 534 382 647

1413 319 1498 375 DE
1539 318 1710 374 VITIS
1749 317 2023 373 PATRUM
2064 315 2267 372 LIBER
2307 317 2574 375 PRlMUS.

3551 322 3658 379 διε

431 455 554 496 nem
600 435 1001 492 monachorum.
1044 432 1144 496 Qui
1191 430 1325 488 dixit
1370 430 1592 487 abbati:
1623 431 1771 486 Sicut
1817 430 1993 498 jnbcs,
2029 434 2073 491 Α
2101 429 2445 484 laborantium
2493 432 2727 500 requies,
2751 433 3069 500 gementium
3101 441 3282 500 portus
3307 442 3442 490 erat.
3467 433 3658 502 Terra,

433 531 647 587 domine
677 529 744 582 mi
769 571 783 591 ,
813 527 890 582 sic
921 526 1076 580 facio.
1109 525 1176 579 Et
1202 523 1419 593 protulit
1445 525 1759 594 quingentos
1798 521 1995 574 solidos

431 625 484 680 in
516 637 672 678 manu
720 620 922 675 abbatis
943 659 957 684 ,
987 618 1170 672 dicens
1200 635 1210 668 τ
1241 617 1433 684 Accipe
1481 618 1691 671 interim
1742 615 1892 676 istos,
1943 623 2000 667 et

431 715 481 769 si
519 713 699 767 videro
728 711 846 780 quia
895 709 1090 778 possim
1140 707 1361 762 sufferre
1409 707 1516 772 hic,
1545 708 1759 762 venient
1809 717 1864 759 et
1912 704 2000 757 illa

432 805 654 874 reliqua.
690 802 905 856 Vocavit
934 799 1098 853 abbas
1128 814 1292 852 unum
1323 797 1542 852 fratrem
1563 838 1577 861 ,
1609 799 1821 851 nomine
1864 797 2003 859 Aga-

435 900 628 964 pitum,
655 897 823 948 virum
869 905 1130 956 sanctum,
1161 901 1216 944 et
1245 889 1620 956 impassibilem
1642 928 1658 952 ,
1691 887 1905 942 tradidit
1952 886 2003 936 in

437 1001 622 1042 manus
651 984 766 1054 ejus
793 981 1137 1051 Stnaragdum
1172 1024 1188 1048 ,
1217 980 1399 1034 dicens
1427 997 1438 1032 :
1467 979 1676 1033 Amodo
1707 979 1791 1031 hic
1818 980 1919 1031 erit
1948 978 2008 1028 li-

434 1079 535 1134 lius
566 1086 684 1132 tuus
714 1085 767 1131 et
812 1073 1137 1143 discipulus;
1173 1073 1327 1126 talem
1357 1087 1480 1126 eum
1521 1073 1793 1139 consigna,
1826 1077 1879 1122 ut
1908 1083 2002 1122 ex-

435 1181 652 1240 superet
679 1169 1009 1238 magistrum.
1041 1167 1106 1220 Et
1133 1165 1282 1220 ﬂexis
1308 1163 1550 1236 genibus,
1581 1165 1712 1218 facta
1741 1162 2003 1225 oratione,

437 1262 768 1332 consignavit
791 1277 934 1316 eum.
969 1260 1034 1314 Et
1060 1258 1500 1326 respondentibus
1528 1257 1776 1311 omnibus
1808 1257 2003 1319 Amen,

436 1355 670 1423 suscepit
699 1368 818 1407 eum
848 1352 1100 1421 Agapitus
1126 1351 1178 1404 in
1201 1350 1390 1404 cellam
1417 1364 1590 1404 suam.
1612 1347 1677 1402 Et
1700 1347 1821 1416 quia
1846 1345 2005 1399 hahe-

436 1446 525 1500 hat
554 1448 756 1498 vultum
804 1442 1057 1497 decorum
1107 1440 1448 1511 Smaragdns,
1479 1438 1605 1492 dum
1658 1437 1901 1492 veniebat
1949 1436 2002 1490 in

437 1535 716 1591 ecclesiam
761 1533 827 1587 ad
855 1531 1244 1602 deprecandum
1286 1531 1475 1595 Deum,
1523 1530 1718 1583 multos
1763 1527 2006 1582 diabolus

440 1628 696 1684 incitabat
725 1627 977 1680 adversus
1023 1626 1268 1680 decorem
1312 1625 1486 1678 vultus
1532 1623 1672 1678 illius
1702 1637 1797 1691 per
1841 1619 2007 1675 malas

443 1723 806 1790 cogitationes,
841 1721 909 1774 ita
942 1728 998 1772 ut
1026 1734 1212 1774 onmes
1242 1720 1450 1773 molesti
1481 1727 1661 1772 essent
1682 1717 1854 1771 abbati
1875 1761 1889 1781 ,
1917 1717 2004 1784 qui

2103 529 2239 574 terra
2265 561 2280 584 ,
2325 536 2421 574 nec
2460 522 2600 576 celes
2643 525 2952 590 sanguinem
3002 537 3195 583 meum.
3229 523 3401 580 donec
3448 525 3664 585 videam

2103 614 2226 681 quid
2257 613 2618 685 Enpltrosynae
2647 615 2767 669 filiae
2811 630 2942 669 mea;
2982 616 3282 686 contigerit.
3313 618 3437 672 Haec
3479 628 3538 674 et
3580 620 3660 679 his

2102 704 2292 758 similia
2331 703 2630 772 Paphnulio
2677 717 3057 774 prosequente,
3089 708 3435 764 elevaveruut
3477 726 3654 770 omnes

2103 793 2190 861 qui
2218 793 2438 848 adorant
2460 810 2642 861 voces,
2667 805 2720 850 et
2750 796 2964 864 ﬂebant,
2996 799 3066 851 ita
3091 808 3146 852 ut
3173 800 3348 854 omnis
3376 802 3561 856 civitas
3585 804 3653 859 la-

2104 895 2426 940 mentaretur
2442 900 2580 946 eam.

2174 976 2302 1028 CAP.
2338 975 2494 1029 x.—
2520 978 2632 1031 Non
2673 976 2928 1032 suﬂ‘erens
2948 988 3122 1033 autem
3171 979 3516 1049 Paphnutius,
3566 1001 3661 1042 nec

2105 1065 2378 1122 inveniens
2425 1069 2878 1132 consolationem,
2922 1071 3150 1139 perrexit
3197 1072 3264 1126 ad
3315 1085 3660 1130 memoratum

2098 1162 2312 1221 senem,
2339 1159 2406 1212 de
2431 1174 2537 1227 quo
2562 1172 2720 1228 supra
2748 1159 2998 1225 diximus,
3029 1175 3090 1214 ac
3110 1163 3390 1232 procidens
3411 1164 3474 1218 ad
3506 1167 3663 1233 pedes

2105 1249 2242 1316 ejus,
2273 1249 2407 1302 dixit
2437 1265 2451 1302 :
2489 1249 2613 1305 Peto
2642 1266 2708 1305 ne
2732 1265 2910 1306 cesses
2935 1252 3096 1323 366
3123 1269 3297 1321 orare,
3332 1264 3388 1309 ιιι
3427 1257 3662 1312 invenia-

2106 1348 2193 1392 tur
2221 1339 2371 1394 labor
2398 1341 2695 1395 orationum
2725 1351 2965 1408 tuarum;
2996 1345 3175 1399 nescio
3199 1349 3343 1401 enim
3369 1350 3492 1418 quid
3527 1353 3663 1404 acci-

2105 1430 2243 1486 derit
2280 1431 2399 1488 filias
2430 1449 2580 1487 meas.
2615 1434 2849 1488 Audiens
2895 1445 3067 1487 autem
3119 1438 3430 1492 venerabilis
3477 1456 3661 1507 senex,

2105 1526 2446 1580 contristatus
2468 1534 2550 1580 est
2587 1525 2757 1592 valde,
2789 1535 2844 1580 et
2863 1525 3022 1595 jussit
3048 1526 3112 1581 ad
3139 1543 3197 1582 se
3241 1545 3426 1586 omnes
3478 1533 3664 1588 fratres

2106 1618 2307 1683 venire,
2339 1628 2391 1673 et
2430 1619 2564 1673 dixit
2591 1618 2670 1673 eis
2699 1637 2714 1675 :
2757 1620 3030 1674 Ostendite
3075 1621 3406 1687 charitatcm,
3439 1623 3659 1688 fratres;

2109 1713 2485 1779 postulemusa
2534 1713 2756 1767 Domino
2800 1721 2856 1767 ut
2901 1714 3144 1782 dignetur
3188 1716 3336 1771 nobis
3380 1720 3660 1776 ostendere

442 1813 601 1868 talem
631 1810 1077 1882 pulchritudinem
1115 1810 1494 1864 introduxisset
1522 1811 1574 1864 in
1605 1809 2002 1865 monasterium.
2039 1807 2081 1864 Β
2108 1803 2231 1869 quid
2262 1802 2454 1857 factum
2492 1802 2567 1856 Sil
2607 1803 2674 1858 de
2714 1803 2819 1858 filia
2858 1806 3013 1859 amici
3056 1807 3219 1861 nostri
3261 1806 3554 1876 Paphnutii.
3590 1813 3655 1865 Et

439 1903 618 1959 Abbas
643 1912 820 1957 autem
863 1904 976 1956 haec
1003 1902 1244 1968 audiens,
1289 1901 1494 1956 vocavit
1541 1900 1907 1968 Smaragdum,
1952 1908 2007 1952 et
2103 1893 2405 1964 jejunantes
2435 1911 2642 1960 omnes,
2673 1906 2725 1950 et
2755 1908 2990 1963 orantes,
3021 1906 3076 1952 et
3103 1907 3204 1953 tota
3232 1901 3552 1956 hebdomade
3575 1904 3653 1956 ni-

442 1992 578 2047 dixit
603 1992 651 2047 ei
685 2010 698 2046 :
734 1992 952 2046 Pulchra
979 2000 1060 2045 est
1087 1992 1274 2056 facies,
1309 1992 1402 2057 fili,
1453 1991 1677 2046 infirmis
1722 1989 2003 2054 fratribus;

442 2086 564 2140 volo
593 2094 767 2139 autem
799 2095 852 2138 ut
882 2085 1068 2141 sedeas
1097 2084 1245 2138 solus
1291 2085 1342 2138 in
1370 2083 1503 2138 cella
1534 2093 1643 2147 tua,
1673 2092 1726 2137 et
1771 2081 1841 2136 ibi
1872 2082 2006 2150 psal-

446 2177 548 2241 las,
579 2185 634 2232 et
663 2177 734 2233 ibi
765 2178 1071 2241 ntaitduces,
1101 2191 1203 2231 non
1231 2184 1405 2230 tamen
1433 2190 1767 2244 egressuruut
1799 2184 1851 2236 te
1888 2175 2010 2228 inite

443 2272 658 2328 alicubi.
693 2272 756 2328 Et
796 2272 1044 2341 prtecepit
1086 2272 1309 2342 Agapito
1351 2279 1409 2324 ut
1459 2278 1775 2339 praepararet
1819 2269 2009 2324 cellam

448 2365 758 2430 solitariam,
790 2373 843 2418 et
871 2365 922 2418 in
952 2380 1013 2419 ea
1044 2363 1257 2433 degeret
1287 2362 1631 2434 Smaragdus.
1665 2361 1809 2417 Fecit
1836 2371 2010 2416 autem

446 2455 699 2526 Agapitus
724 2455 898 2509 omnia
937 2469 1056 2522 quae
1099 2453 1198 2508 sibi
1227 2468 1256 2507 a
1289 2452 1445 2506 Patre
1474 2451 1778 2506 monasterii
1809 2452 2014 2504 fuerant

448 2545 727 2615 imperata,
757 2554 811 2601 et
855 2545 1149 2599 introduxit
1185 2543 1532 2614 Smaragdum
1581 2542 1632 2597 in
1672 2542 1858 2597 cellam
1888 2540 2015 2596 soli-

449 2638 639 2692 tariam
662 2678 678 2702 ,
708 2646 764 2692 et
791 2644 908 2692 erat
937 2635 1004 2690 ibi
1030 2634 1354 2691 orationibus
1380 2650 1593 2704 vacans,
1620 2634 1937 2705 jejuniisque
1962 2643 2015 2689 et

450 2729 645 2799 vigiliis
673 2736 826 2782 nocte
850 2742 910 2781 ac
941 2727 1026 2782 die
1051 2740 1265 2794 operam
1299 2725 1480 2794 dabat,
1510 2725 1750 2780 serviens
1794 2725 2014 2778 Domino

451 2820 507 2876 in
538 2816 870 2888 simplicitate
897 2817 1093 2882 cordis,
1117 2817 1187 2872 ita
1219 2826 1275 2871 ut
1299 2817 1583 2871 miraretur
1610 2815 1892 2884 praedictus
1911 2813 2017 2867 fra-

451 2919 557 2975 ter,
588 2911 678 2980 qui
705 2926 826 2964 eutn
853 2916 1185 2979 susceperat,
1212 2919 1264 2964 et
1290 2910 1534 2963 omnibus
1558 2908 1809 2963 fratribus
1839 2907 2018 2962 retulit

453 3001 570 3071 ejus
597 3000 968 3062 constantiam,
994 3009 1049 3055 et
1092 3014 1278 3055 omnes
1303 2999 1677 3055 collaudabant
1704 2998 1864 3054 Deum
1881 3038 1896 3064 ,
1926 2996 2018 3068 qui

455 3093 511 3148 in
539 3092 841 3147 infirmitate
866 3092 988 3146 talia
1017 3103 1287 3162 operatur.

2110 1989 2181 2042 hil
2208 1994 2286 2044 eis
2314 1991 2600 2044 revelatum
2628 1999 2710 2044 est
2755 1989 2820 2044 de
2851 1991 3211 2062 Euphrosyna,
3249 1993 3383 2048 sicut
3427 1995 3656 2056 solebat,

2107 2081 2319 2148 quando
2341 2081 2550 2134 aliunde
2575 2080 2829 2149 rogabant
2855 2081 3038 2135 Deum.
3063 2083 3238 2135 Oratio
3256 2084 3396 2137 enim
3419 2084 3665 2151 Euphro-

2109 2187 2254 2240 synte
2274 2180 2390 2225 erat
2413 2173 2477 2224 ad
2505 2171 2666 2225 Deum
2693 2173 2776 2226 die
2804 2184 3086 2242 noctuque,
3113 2189 3177 2228 ne
3199 2174 3526 2229 manifestam
3547 2189 3662 2240 eam

2113 2265 2308 2317 faceret
2335 2263 2386 2316 in
2421 2264 2526 2317 vita
2551 2278 2644 2317 sua
2671 2263 2829 2318 Deus.
2859 2265 2992 2319 Cum
3019 2279 3193 2319 autem
3221 2281 3317 2320 nec
3344 2269 3456 2320 seni
3497 2281 3663 2336 neque

2109 2355 2262 2408 alicui
2295 2355 2440 2409 fratri
2482 2355 2767 2409 revelatum
2814 2365 2986 2423 esset,
3027 2358 3190 2427 cmpit
3232 2360 3493 2414 consolart
3544 2375 3664 2415 eum
3707 2391 3710 2399 -

2111 2446 2274 2501 abbas
2303 2464 2316 2499 :
2345 2447 2463 2500 Noli
2508 2447 2756 2512 deficere,
2786 2449 2891 2513 fili,
2922 2466 2950 2502 a
2982 2452 3257 2518 disciplina
3292 2452 3519 2516 Domini,
3547 2456 3667 2522 quia

2111 2554 2267 2607 quem
2312 2538 2489 2607 diligit
2536 2539 2782 2594 Dominus
2827 2544 3045 2610 corripit
3085 2541 3272 2612 (Prov.
3303 2547 3416 2613 ιιι).
3463 2545 3528 2599 Et
3573 2545 3668 2600 hoc

2117 2628 2275 2696 scias,
2305 2629 2427 2698 quia
2457 2632 2570 2684 sine
2601 2630 2868 2685 voluntate
2898 2631 2985 2684 D.-i
3019 2648 3152 2686 unus
3178 2649 3356 2701 passer
3383 2652 3489 2688 non
3517 2624 3671 2688 cadet

2116 2721 2167 2776 in
2201 2731 2334 2777 terra
2365 2721 2540 2792 (Luca:
2569 2725 2694 2792 xn),
2725 2733 2921 2792 quanto
2963 2725 3127 2793 tnagis
3156 2725 3260 2779 filia
3308 2728 3427 2781 tua?
3461 2729 3672 2796 Absque

2115 2829 2243 2869 tttttu
2283 2815 2425 2870 illius
2473 2816 2602 2870 niltil
2652 2816 2906 2884 provenit.
2955 2819 3074 2871 δοίη
3119 2819 3258 2872 enim
3303 2820 3424 2887 quia
3478 2821 3670 2875 bonam

2115 2918 2319 2979 partem
2345 2907 2445 2962 sibi
2473 2908 2656 2976 elegit,
2687 2920 2961 2976 propterea
2991 2911 3058 2964 de
3085 2924 3145 2964 ea
3177 2911 3302 2963 nihil
3349 2912 3500 2966 nobis
3531 2927 3674 2967 reve-

2117 3001 2278 3056 latum
2306 3010 2404 3056 est.
2433 2999 2552 3056 Scio
2574 3001 2738 3063 enim,
2765 3018 2849 3070 qui
2873 3004 2904 3056 d
2927 3004 3082 3067 absit,
3106 3006 3150 3058 si
3176 3005 3228 3058 in
3252 3008 3405 3059 malis
3425 3008 3676 3074 operibus

2118 3091 2407 3159 incidisset,
2431 3109 2696 3164 nunquam
2722 3095 2859 3149 Deus
2879 3096 3193 3163 despexerat
3216 3107 3414 3152 tamum
3438 3102 3678 3156 laborem

522 3187 652 3242 Car.
685 3187 773 3241 ΙΧ.
796 3215 867 3227 -
896 3186 1222 3254 Paphnutius
1269 3196 1444 3241 autem
1491 3194 1638 3255 pater
1679 3184 1818 3241 illius
1842 3228 1857 3252 ,
1895 3198 2012 3239 cum
2042 3171 2088 3235 C
2118 3184 2362 3244 fratrum.
2397 3185 2577 3239 Habeo
2604 3186 2846 3240 fiduciam
2876 3187 2928 3240 in
2959 3189 3200 3254 Domino,
3227 3191 3346 3258 quia
3370 3193 3420 3245 in
3443 3195 3539 3247 hac
3566 3194 3673 3246 vita

455 3290 706 3332 reversus
725 3285 868 3331 esset
885 3275 1051 3340 domi,
1075 3273 1294 3328 festinus
1315 3276 1583 3343 ingressus
1601 3285 1680 3328 eat
1695 3273 2014 3340 cubiculum,

455 3367 509 3422 in
538 3382 642 3437 quo
670 3366 773 3420 filia
803 3367 920 3436 ejus
949 3382 1162 3421 manere
1189 3367 1342 3420 solita
1371 3376 1506 3432 erat,
1538 3374 1593 3420 et
1635 3381 1738 3420 non
1783 3367 2017 3432 inventa,

457 3460 623 3516 tristis
651 3473 989 3528 maerensque
1031 3457 1251 3513 effectus
1279 3457 1440 3525 coapit
1476 3457 1781 3527 perquirere
1827 3455 2020 3510 anxius

459 3566 646 3608 servos
675 3559 730 3606 et
756 3551 974 3605 ancillas
1019 3550 1142 3620 quid
1172 3549 1239 3605 de
1265 3549 1612 3620 Euphrosyna
1643 3557 1815 3604 actum
1854 3555 2017 3603 esset.

457 3643 641 3701 Pueris
667 3653 842 3699 autem
871 3641 1166 3697 dicentibus
1199 3658 1212 3695 :
1247 3641 1382 3708 Quia
1411 3649 1566 3695 nocte
1600 3639 1828 3694 vidimus
1878 3653 2019 3704 eam,

457 3753 614 3794 mane
637 3747 814 3792 autem
835 3750 938 3790 non
959 3735 1274 3803 comparuit.
1302 3734 1365 3788 Et
1387 3736 1683 3803 putavimus
1705 3733 1846 3804 quod
1874 3739 2023 3802 pater

457 3829 598 3884 illius
626 3826 863 3884 infantuli
891 3826 981 3895 qui
1011 3840 1129 3881 eam
1159 3824 1600 3892 desponsaverat.
1627 3825 1832 3880 venerit
1858 3832 1913 3879 et
1940 3830 2024 3877 tu-

460 3919 583 3975 lerit
625 3933 765 3974 eam.
797 3918 860 3970 Et
883 3917 1026 3970 misit
1055 3930 1239 3971 servos
1265 3928 1390 3970 suos
1429 3915 1494 3969 ad
1523 3915 1740 3970 domum
1773 3916 1942 3981 illius,
1970 3922 2025 3970 et

462 4029 566 4066 non
611 4012 928 4065 invenerunt
953 4023 1090 4063 eam.
1123 4008 1357 4062 Audiens
1385 4021 1610 4076 sponsus
1636 4007 1774 4063 illius
1795 4014 1852 4062 et
1878 4015 2025 4077 pater

461 4102 597 4174 ejus,
627 4101 924 4158 contristati
952 4109 1074 4156 sunt
1101 4099 1276 4164 valde,
1305 4108 1358 4156 et
1383 4100 1660 4156 venientes
1683 4101 1750 4155 ad
1781 4100 2027 4170 Paphnu-

467 4193 626 4257 tiuni,
646 4192 958 4247 invenerunt
976 4206 1094 4246 eum
1110 4192 1448 4246 vehementer
1467 4191 1739 4259 afflictum,
1757 4191 2024 4262 iacentem

465 4285 517 4339 in
549 4295 708 4348 terra,
731 4293 785 4340 et
804 4284 1051 4339 dixerunt
1066 4285 1114 4339 ei
1138 4302 1152 4337 :
1178 4284 1418 4340 Forsitan
1441 4286 1633 4355 aliquis
1652 4287 1862 4343 seduxit
1882 4301 2023 4351 eam,

463 4384 518 4430 et
547 4374 673 4444 fugit
710 4389 828 4429 cum
857 4374 967 4428 illa.
997 4373 1290 4444 Statimque
1329 4376 1472 4430 servi
1519 4377 1660 4432 illius
1706 4392 1828 4433 cum
1876 4379 2027 4448 equis

473 4482 565 4534 per
611 4476 772 4520 totam
819 4464 1196 4519 Alexandriam
1245 4465 1396 4520 missi
1438 4476 1582 4522 sunt.
1642 4467 1809 4523 Erant
1847 4479 2023 4525 autem

2120 3276 2364 3332 ostendat
2403 3291 2520 3331 eam
2552 3277 2645 3330 tibi
2679 3276 2836 3331 Deus.
2887 3279 3118 3334 Audiens
3168 3279 3280 3335 haec
3322 3281 3671 3353 Paphnutius,

2123 3370 2324 3438 recepit
2353 3369 2786 3427 consolationem.
2833 3371 3030 3438 gratias
3057 3386 3219 3440 agens
3249 3372 3374 3438 Deo,
3415 3383 3470 3428 et
3513 3390 3674 3429 orans

2122 3460 2397 3528 quotidie,
2447 3460 2600 3515 bonis
2648 3461 2896 3530 operibus
2945 3471 3000 3517 et
3051 3466 3401 3534 elceinosynis
3448 3466 3678 3522 intentus

2122 3559 2258 3607 erat.

2191 3640 2320 3697 Car.
2347 3641 2436 3696 XI.
2459 3670 2528 3682 —
2549 3641 2671 3697 Post
2701 3643 2995 3711 aliquantos
3024 3659 3150 3699 vero
3177 3644 3290 3700 dies
3309 3646 3674 3702 visitabhmo-

2125 3734 2433 3802 nasterium,
2465 3734 2841 3789 commendans
2869 3750 2928 3788 se
2965 3736 3016 3788 in
3067 3736 3397 3791 orationibus
3439 3739 3674 3795 fratrum.

2127 3825 2238 3881 Una
2269 3833 2445 3881 autem
2473 3825 2558 3881 die
2586 3826 2800 3880 veniens
2843 3827 2909 3880 ad
2960 3827 3224 3891 abbatem,
3256 3831 3477 3899 projecit
3519 3846 3576 3886 se
3617 3833 3679 3887 ad

2125 3917 2290 3988 pedes
2313 3918 2452 3986 ejus,
2498 3919 2721 3971 dicens:
2752 3918 2855 3972 Ora
2887 3935 2980 3987 pro
3025 3935 3139 3982 me,
3195 3921 3369 3984 Pater,
3418 3924 3532 3991 quia
3578 3939 3678 3976 non

2128 4023 2340 4079 possunt
2369 4008 2588 4062 sufferre
2612 4008 2847 4063 dolorem
2875 4011 2942 4064 de
2973 4011 3073 4063 lilia
3106 4027 3220 4065 mea
3239 4053 3255 4079 ,
3285 4015 3378 4067 sed
3423 4028 3579 4082 magis
3618 4027 3678 4066 ac

2129 4101 2296 4170 magis
2323 4100 2389 4155 de
2416 4099 2500 4154 die
2541 4101 2594 4153 in
2638 4100 2776 4154 diem
2827 4111 3110 4156 renovatur
3158 4113 3213 4157 et
3259 4105 3449 4158 crescit
3499 4106 3680 4157 vu‘uus

2130 4207 2328 4258 meum,
2374 4202 2429 4248 et
2459 4191 2736 4247 tribulatur
2759 4192 2930 4246 anima
2958 4208 3094 4247 mea.
3127 4193 3322 4249 Videtis
3350 4205 3520 4247 autem
3565 4210 3685 4247 eum

2130 4302 2293 4342 senex
2333 4287 2489 4340 nimis
2515 4285 2790 4352 afflictum,
2821 4287 2950 4340 dicit
2976 4287 3023 4341 ei
3060 4305 3072 4340 :
3109 4287 3199 4341 Vis
3239 4288 3554 4355 colloquium
3596 4288 3689 4340 ha-

2131 4377 2255 4430 bere
2279 4391 2396 4431 cum
2429 4391 2530 4430 uno
2559 4376 2718 4430 fratre
2763 4377 3051 4446 spirituali,
3083 4378 3170 4445 qui
3198 4385 3335 4431 venit
3382 4380 3446 4430 de
3493 4378 3686 4444 palatio

2131 4466 2449 4522 Theodosii?
2477 4469 2724 4538 ignorans
2751 4469 2888 4539 quod
2913 4469 3030 4537 ipsa
3061 4479 3200 4524 esset
3228 4468 3331 4522 filia
3359 4470 3492 4535 ejus.
3534 4467 3685 4520 Dixit

467 4558 538 4612 ibi
569 4567 622 4612 et
645 4572 827 4619 naves,
855 4556 1214 4627 intrantesque
1233 4559 1286 4612 in
1307 4572 1397 4612 eas
1418 4558 1752 4628 requirebant
1778 4573 1871 4628 per
1895 4561 2023 4615 vim.
2055 4555 2107 4613 D
2131 4563 2178 4615 ei
2222 4561 2543 4630 Paphnutius
2578 4578 2592 4615 :
2625 4559 2776 4614 Volo.
2823 4559 2890 4614 Et
2932 4561 3136 4615 vocavit
3173 4559 3332 4612 abbas
3378 4560 3682 4627 Agapitum,

467 4649 535 4702 Et
560 4657 855 4702 scrutantes
883 4649 1200 4703 monasteria
1232 4648 1548 4718 puellarum,
1576 4664 1806 4717 eremos,
1828 4660 1885 4706 et
1909 4667 2030 4719 spe-

467 4739 671 4806 luncas,
706 4755 800 4809 per
844 4738 1030 4794 domos
1057 4739 1347 4794 amicorum
1374 4749 1430 4795 et
1472 4741 1795 4809 vicinorum,
1825 4754 1877 4798 et
1921 4760 2030 4801 non

463 4841 696 4899 repet-ta,
727 4840 972 4900 tanquam
1001 4840 1262 4885 mortuam
1294 4832 1542 4901 lugebant
1569 4847 1705 4897 eam,
1739 4849 1894 4889 socer
1935 4852 2032 4890 nu-

466 4938 605 4987 rum,
637 4936 865 4991 sponsus
903 4937 1151 4991 sponsam
1202 4923 1392 4988 flebat;
1423 4934 1573 4993 pater
1618 4926 1778 4980 filiam
1823 4927 2028 4997 lugens,

465 5014 674 5068 dicebat
705 5033 719 5067 :
747 5014 887 5069 Heu!
920 5014 1054 5069 heu!
1090 5014 1192 5069 lilia
1218 5016 1556 5072 dulcissima!
1585 5019 1683 5075 heu
1707 5021 1819 5076 me!
1849 5023 2032 5076 oculo-

465 5122 580 5160 rum
610 5122 847 5162 meorum
877 5108 1171 5163 consolatio
1198 5111 1343 5165 mea!
1373 5111 1506 5178 Quis
1535 5127 1705 5168 meam
1735 5113 1927 5168 invasit
1954 5114 2030 5167 fa-

472 5199 759 5252 cultatem?
783 5200 900 5268 quis
929 5215 1100 5255 meam
1133 5201 1521 5270 possessionem
1549 5202 1776 5272 sparsit?
1801 5206 1921 5271 quis
1948 5203 2028 5257 vi-

467 5303 620 5341 neam
656 5303 823 5344 meam
847 5290 1094 5345 siccavit?
1115 5290 1232 5360 quis
1254 5307 1425 5348 meam
1452 5293 1716 5348 lucernam
1737 5293 2028 5349 exstinxit?

470 5375 590 5444 quis
615 5392 762 5444 spem
792 5392 961 5432 meam
985 5381 1279 5436 fraudavit?
1305 5384 1422 5451 quis
1442 5383 1882 5452 pulchritudinem
1907 5385 2029 5440 filia:

470 5481 606 5520 mea:
629 5467 873 5522 violavit?
894 5473 1011 5538 quis
1039 5480 1160 5538 puta
1218 5473 1371 5542 lupus
1394 5489 1580 5544 agnam
1609 5490 1780 5530 meam
1808 5476 2031 5548 dissipa-

469 5557 580 5611 vit?
605 5559 773 5627 qualis
803 5557 952 5614 locus
980 5562 1132 5616 talem
1157 5563 1358 5617 vultum
1387 5566 1592 5634 tetigit?
1619 5565 1788 5636 qualis
1817 5567 2028 5639 pelagus

468 5651 731 5720 captivam
771 5646 919 5705 ducit
950 5649 1088 5706 illam
1121 5652 1446 5722 imperialem
1479 5655 1707 5711 faciem?
1735 5655 1825 5711 Illa
1873 5674 2032 5728 gene-

473 5742 707 5801 rositatis
754 5744 1080 5815 constitutio,
1097 5744 1198 5801 ’illa
1245 5746 1504 5804 malorum
1554 5751 1900 5819 consolatrix,
1945 5751 2030 5808 illa

2129 4654 2365 4721 diuque
2389 4654 2437 4708 ei
2470 4671 2484 4706 :
2514 4652 2666 4706 Tolle
2698 4653 3043 4721 Pophnntium
3083 4661 3134 4706 et
3179 4649 3420 4704 introduc
3465 4667 3589 4704 eum
3631 4652 3687 4705 iu

2130 4749 2314 4802 cellam
2349 4746 2640 4814 Smaragdi.
2675 4745 2739 4798 Et
2779 4745 3068 4800 introduxit
3094 4761 3211 4799 eum
3241 4744 3290 4798 in
3325 4745 3509 4798 cellam
3538 4745 3694 4798 Sma-

2133 4819 2301 4904 ragdi,
2326 4835 2454 4889 nihil
2483 4836 2531 4889 ei
2559 4845 2714 4888 antra
2740 4838 3098 4891 innotescens.
3123 4837 3254 4891 Cum
3277 4845 3451 4890 autem
3477 4835 3690 4889 vidisset

2132 4931 2308 4983 subito
2340 4939 2536 4995 patrem
2566 4944 2750 4992 suum,
2778 4942 3104 4998 cognoscens
3133 4944 3277 4994 eum,
3309 4937 3417 4981 tota
3450 4927 3688 4998 lacrymis

2134 5022 2332 5086 repleta
2363 5030 2463 5073 est.
2515 5019 2836 5088 Paphnutius
2873 5030 3048 5074 autem
3090 5019 3340 5088 sperabat
3387 5033 3508 5073 esse
3547 5035 3685 5072 com-

2135 5113 2500 5179 punctionem;
2531 5127 2631 5166 non
2672 5112 2812 5166 enim
2857 5114 3103 5182 cognovit
3146 5127 3286 5178 eam,
3318 5112 3440 5180 quia
3489 5110 3690 5176 species

2134 5203 2308 5256 vultus
2330 5206 2584 5258 emarcuit
2606 5219 2714 5270 pra:
2743 5202 2902 5257 nimia
2929 5203 3266 5265 abstinentia,
3301 5201 3498 5272 vigiliis
3525 5211 3580 5255 et
3622 5201 3698 5252 la-

2131 5295 2346 5364 crymis.
2386 5295 2459 5348 De
2484 5294 2688 5350 cuculla
2716 5303 2891 5349 autem
2921 5295 3130 5365 operuit
3173 5294 3360 5348 faciem
3412 5309 3589 5356 suam,
3631 5307 3700 5345 ne

2134 5385 2313 5451 aliquo
2343 5383 2500 5438 modo
2527 5395 2838 5452 agnosceret
2881 5400 3018 5438 eam.
3051 5384 3208 5439 Facta
3237 5395 3413 5437 autem
3460 5386 3700 5437 oratione

2132 5481 2406 5534 sederunt.
2433 5477 2606 5547 Cepit
2651 5485 2827 5533 autem
2856 5478 2906 5532 ei
2932 5478 3073 5548 loqui
3103 5477 3171 5532 de
3202 5476 3361 5531 futuri
3391 5479 3540 5545 regni
3571 5475 3699 5528 bea-

2135 5571 2359 5625 titudine
2386 5578 2441 5624 et
2477 5570 2642 5636 gloria
2673 5569 2987 5636 sempiterna
3007 5610 3022 5632 ,
3054 5568 3318 5637 quomodo
3365 5581 3459 5634 per
3490 5566 3702 5620 humili-

2140 5672 2300 5717 tatem
2333 5670 2387 5717 et
2413 5661 2733 5725 castitatem,
2758 5670 2917 5728 atque
2944 5669 3182 5714 sanctam
3213 5659 3699 5719 conversationem,

2137 5768 2230 5822 per
2259 5753 2650 5813 eleemosynam
2681 5758 2733 5803 et
2759 5750 3098 5818 charitatem,
3133 5749 3196 5805 ad
3225 5765 3340 5807 eam
3369 5753 3490 5821 quis
3534 5753 3706 5820 possit
