4020 6234
374 280 475 337 εις)
1310 266 1794 324 ἫΤΑΒΑΝΟΤΑΕ
1838 265 2005 320 EUPll

2112 261 2320 316 ’ΞΥΝᾹΕ
2365 257 2682 314 VIRGINIS.
3538 260 3639 319 650

374 393 701 464 pertingere.
736 389 803 445 Et
837 389 904 445 de
930 394 1239 452 contemptu
1272 384 1451 438 smculi
1470 422 1486 447 ,
1521 397 1619 436 nec
1665 380 1961 448 diligendos
1991 381 2038 440 Α
2069 377 2202 431 meis
2228 375 2577 443 promittebas
2603 373 2761 426 ﬁliam
2787 376 2991 427 meam?
3018 375 3155 430 Ecce
3176 389 3278 431 nou
3303 376 3473 431 solum
3498 377 3640 435 illam

371 463 493 540 esse
520 482 659 537 ﬁlios
686 483 803 550 plus
832 495 990 549 quam
1037 481 1223 540 Deum,
1254 492 1345 543 qui
1377 480 1615 527 omnium
1647 473 1849 527 exstitit
1878 475 1954 526 fa-
2065 483 2170 521 non
2203 466 2416 529 videbo,
2447 465 2539 517 sed
2574 472 2649 527 tu,
2697 463 2751 515 in
2782 478 2889 531 quo
2928 466 3350 520 consolationem
3382 469 3643 523 modicam

370 587 513 630 ctor.
545 575 903 644 Apestoltcam
949 583 1161 638 quoque
1204 567 1521 633 scripturam
1572 565 1951 629 interpretans,
2065 557 2348 617 habebam,
2384 555 2727 623 derelinquas
2757 569 2875 608 nos.
2911 554 3023 607 Heu
3057 556 3170 608 me!
3198 557 3313 623 quis
3357 558 3465 624 jam
3517 574 3646 613 cou-

373 643 642 735 quomodo
687 662 953 718 tribulatio
1000 658 1309 727 patientiam
1364 664 1615 721 operatur
1640 692 1653 715 ,
1704 651 1958 719 patientia
2067 645 2327 699 solabitur
2352 653 2679 698 senectutem
2715 646 2930 697 meam?
2958 643 3038 698 Ad
3064 660 3219 711 quem
3247 647 3361 709 ibo,
3392 646 3513 714 quis
3543 652 3646 704 mei

376 734 747 825 probationem
779 752 953 821 (Rom.
984 752 1058 815 v).
1106 747 1302 799 Videns
1330 760 1457 799 vero
1486 752 1689 813 patrem
1722 756 1876 795 suum
1910 741 1962 792 in
2068 736 2277 803 adjutor
2304 734 2445 789 erit?
2488 736 2687 803 Duplex
2720 736 2915 788 malum
2944 736 3083 805 quod
3124 737 3277 809 lugeo
3306 752 3319 788 :
3356 737 3565 805 triginta
3597 750 3649 791 et

376 848 525 918 gravi
561 859 809 905 mrerore,
839 834 1262 908 compatiebatur
1289 836 1382 888 illi.
2066 838 2187 881 octo
2216 825 2339 877 anui
2370 835 2493 879 sunt
2521 826 2661 895 quod
2695 826 2898 895 perdidi
2932 828 3091 881 ﬁliam
3125 841 3319 891 meam,
3356 827 3485 880 nihil
3516 828 3644 880 mihi

450 937 574 991 Car.
600 934 711 987 XII.
739 960 805 970 ——
837 930 941 983 Sed
972 933 1163 981 timens
1194 941 1262 979 ne
1286 931 1692 995 agnosceretur,
1715 929 1769 975 et
1801 922 1968 987 impe-
2070 919 2136 972 de
2165 930 2225 970 ea
2258 916 2550 970 revelatum
2574 927 2673 980 est,
2703 919 2844 987 quod
2874 918 2961 972 die
2993 926 3252 986 nocteque
3276 918 3514 982 orabam,
3550 933 3650 974 nec

384 1025 679 1079 diinentum
706 1023 757 1075 ei
800 1021 1028 1083 faceret,
1062 1018 1247 1069 volens
1290 1024 1463 1067 autem
1509 1029 1629 1067 eum
1679 1009 1965 1073 consolari,
2070 1009 2297 1064 similem
2327 1007 2469 1061 illius
2498 1007 2697 1071 inveni,
2725 1009 2925 1064 detinet
2966 1025 3049 1063 me
3088 1008 3519 1078 incomparabilis
3552 1010 3652 1064 do-

393 1116 533 1170 dixit
562 1115 609 1168 ei
646 1130 657 1165 :
689 1111 860 1165 Crede
886 1109 1014 1164 mihi
1043 1106 1182 1174 quod
1214 1121 1318 1157 non
1346 1103 1599 1171 despiciet
1633 1110 1683 1154 te
1714 1100 1870 1153 Deus.
1908 1099 1971 1151 Et
2074 1101 2174 1155 lor.
2209 1101 2343 1167 Quid
2387 1118 2596 1171 sperem
2641 1102 2866 1157 amodo?
2900 1102 2986 1155 ubi
3038 1104 3453 1158 consolationem
3506 1102 3655 1157 inve-

386 1206 431 1260 si
459 1204 511 1258 in
541 1202 891 1273 perditionem
922 1199 1094 1250 anima
1125 1203 1269 1248 esset
1301 1194 1421 1246 ﬁliae
1454 1202 1575 1253 tum,
1607 1188 1973 1244 manifestaret
2076 1195 2258 1251 niam?
2282 1198 2393 1267 jam
2432 1195 2750 1250 descendam
2804 1193 2988 1262 lugens
3018 1193 3068 1245 in
3119 1194 3402 1246 infernum.
3455 1193 3658 1247 \‘idcns

394 1309 511 1347 eam
545 1293 636 1347 tibi
667 1290 830 1355 Deus,
870 1299 926 1342 ut
954 1302 1053 1341 nec
1080 1286 1168 1339 illa
1202 1300 1232 1336 a
1265 1283 1473 1336 diabolo
1504 1288 1712 1334 retenta
1752 1278 1973 1332 inferret
2077 1293 2253 1339 autem
2293 1303 2413 1341 eum
2464 1285 2788 1354 smaragdi];
2833 1283 3180 1337 vehementer
3231 1285 3550 1350 plorantem.
3603 1292 3659 1338 αι

393 1386 482 1439 tibi
515 1392 569 1438 et
597 1383 696 1437 sibi
728 1378 925 1434 luctum
974 1386 1309 1446 perpetuum.
1343 1372 1448 1426 Sed
1493 1370 1655 1425 credo
1689 1370 1739 1423 in
1787 1370 1971 1429 Deum,
2080 1372 2279 1427 nullam
2310 1375 2726 1429 consolationem
2757 1371 3124 1437 accipientem,
3149 1372 3221 1423 ait
3242 1371 3305 1424 ad
3335 1386 3455 1425 eum
3482 1390 3494 1424 :
3520 1372 3660 1438 Quid

392 1479 517 1545 quia
556 1477 750 1529 bonum
781 1472 1060 1525 consilium
1092 1467 1255 1537 elegit
1277 1466 1397 1529 sibi,
1430 1465 1563 1517 sicut
1588 1463 1697 1531 jam
1726 1462 1868 1524 dixi,
1893 1474 1978 1513 se-
2081 1464 2310 1517 turbaris
2339 1475 2393 1519 et
2435 1464 2769 1529 temetipsum
2802 1460 3100 1514 interﬁcis?
3131 1460 3376 1530 Nunquid
3424 1463 3654 1516 invalida

394 1568 623 1623 cundum
675 1579 858 1619 vocem
902 1560 1211 1629 Evangelii,
1258 1572 1360 1625 qua
1393 1555 1589 1608 dicitur
1624 1572 1636 1605 :
1671 1553 1767 1619 Qui
1810 1550 1980 1619 diligit
2080 1565 2162 1607 est
2192 1570 2378 1609 manus
2408 1556 2638 1616 Domini,
2670 1561 2761 1606 aut
2805 1552 3091 1620 quidquam
3121 1562 3203 1604 est
3250 1552 3359 1603 Deo
3401 1551 3659 1607 difﬁcile?

394 1669 598 1722 patrem
636 1665 726 1709 aut
774 1664 994 1708 matrem
1026 1665 1185 1719 super
1229 1663 1347 1714 me,
1373 1662 1477 1699 non
1521 1656 1601 1697 est
1650 1660 1735 1695 me
1783 1642 1974 1711 dignus
2083 1646 2197 1699 .Iam
2223 1662 2360 1714 pone
2379 1646 2538 1700 ﬁnem
2564 1642 3408 1709 tristium.Recordarcquomodo
3435 1652 3658 1709 patriar-

397 1749 610 1817 (Mauh.
642 1746 719 1814 x);
749 1754 823 1809 el,
865 1743 920 1798 Si
952 1743 1069 1811 quis
1096 1756 1199 1793 non
1245 1732 1703 1791 abrenuntiaverit
1735 1732 1979 1786 omnibus
2010 1732 2058 1791 Β
2085 1739 2199 1790 cliaa
2227 1736 2391 1791 Iacob
2436 1736 2853 1790 manifestaverit
2886 1735 3023 1787 Deus
3061 1732 3277 1800 Joseph,
3307 1748 3465 1801 quem
3511 1733 3661 1787 biiasi

398 1854 515 1909 qua:
541 1838 796 1907 possidet,
831 1850 935 1889 non
969 1843 1140 1900 potest
1163 1846 1309 1884 meus
1340 1843 1459 1882 esse
1479 1825 1771 1891 discipulus
1797 1824 1975 1886 (Luca!
2082 1839 2347 1883 mortuum
2378 1829 2587 1899 lugebat
2616 1827 2768 1896 (Gen.
2805 1825 2971 1895 XLVI).
3003 1825 3103 1879 Sed
3136 1825 3360 1878 obsecro
3402 1836 3451 1879 te
3482 1836 3536 1878 ut
3568 1842 3662 1894 per

400 1928 531 1997 xiv).
569 1929 757 1981 Potens
790 1936 872 1978 est
901 1932 1075 1976 autem
1107 1922 1241 1973 Deus
1262 1959 1276 1981 ,
1305 1930 1357 1970 et
1400 1917 1453 1969 in
1485 1915 1583 1968 hoc
1614 1925 1813 1967 saeculo
1860 1928 1976 1965 ma-

2112 1935 2192 1975 res
2221 1922 2337 1975 dies
2375 1936 2461 1974 me
2489 1935 2591 1972 non
2624 1919 2842 1972 deseras
2889 1932 3059 1985 neque
3103 1915 3461 1983 derelinquas.
3498 1916 3664 1967 tlte-i-

403 2019 655 2075 nifestare
682 2034 798 2072 eam
825 2017 939 2070 tibi.
971 2014 1099 2068 Sine
1124 2011 1263 2080 jam,
1293 2010 1445 2071 sine;
1473 2006 1600 2075 quid
1636 2006 1978 2073 temetipsum

408 2110 665 2165 interficis
695 2104 1102 2161 contristando?
1134 2100 1236 2156 Sed
1284 2114 1382 2165 age
1432 2098 1661 2166 gratias,
1701 2095 1809 2148 Deo
1853 2092 1982 2145 nihil

408 2203 721 2266 desperans.
754 2197 883 2249 Nam
934 2192 1184 2261 Agapitus
1215 2188 1467 2256 magister
1500 2199 1679 2246 meus,
1711 2182 1986 2235 tnultuties

409 2290 568 2342 nimis
597 2288 758 2342 tristis
787 2286 994 2339 (licebat
1022 2282 1146 2336 mihi
1174 2299 1187 2335 :
1211 2281 1340 2347 Quia
1368 2278 1511 2331 venit
1534 2275 1749 2344 quidam
1776 2273 1988 2328 nomine

409 2380 739 2445 Paphnutius
768 2377 1015 2444 operibus
1046 2374 1197 2427 bonis
1243 2374 1503 2432 intentus,
1532 2369 1620 2434 qui
1651 2366 1808 2419 ﬁliam
1838 2381 1989 2421 suam

409 2478 657 2536 tanquam
692 2477 951 2519 mortuam
986 2465 1159 2532 luget.
1191 2460 1431 2515 nesciens
1461 2458 1585 2526 quid
1614 2459 1662 2510 ei
1713 2457 1987 2521 acciderit,

412 2571 467 2611 et
496 2560 656 2612 nimia
686 2556 1067 2611 lamentatione
1092 2551 1344 2621 affligitur
1378 2568 1390 2601 :
1421 2549 1651 2602 maxime
1679 2549 1800 2616 quia
1836 2546 1992 2600 unica

412 2660 531 2706 erat
552 2650 646 2715 illi,
670 2658 862 2702 etcum
889 2646 1136 2716 Iacrymis
1163 2642 1384 2710 proiecit
1406 2656 1463 2693 se
1481 2640 1545 2693 ad
1571 2640 1731 2708 pedes
1758 2638 1988 2702 abbatis,

416 2752 471 2795 nt
506 2757 600 2809 per
627 2740 746 2808 ejus
774 2740 1043 2791 orationes
1072 2748 1125 2790 et
1155 2735 1393 2788 omnium
1426 2733 1642 2785 fratrum
1674 2732 1813 2783 Deus
1842 2742 1993 2797 pate—

418 2834 635 2889 faceret.
669 2832 738 2884 Ita
786 2841 839 2884 et
871 2840 924 2883 tu
969 2844 1090 2897 roga
1140 2829 1301 2880 Deum
1352 2833 1568 2892 propter
1596 2838 1734 2885 eam,
1777 2830 1829 2874 et
1873 2835 1990 2889 ego,

423 2925 671 2994 quamvis
697 2923 937 2989 Indignus
963 2929 1020 2975 et
1047 2922 1302 2973 malorum
1331 2932 1570 2972 meorum
1605 2917 1870 2976 conscius,
1898 2927 1997 2967 εξε-

423 3018 536 3082 pius
564 3016 879 3082 deprecatus
911 3012 1208 3071 Dominum,
1241 3018 1300 3062 ut
1329 3007 1576 3076 dignetur
1603 3006 1731 3059 dare
1761 3005 1854 3057 tibi
1882 3004 1994 3056 suf-

2086 2021 2204 2065 tans
2223 2022 2396 2064 autem
2422 2010 2748 2073 Paphnutius
2771 2008 2907 2061 intra
2930 2007 3272 2075 semetipsum
3299 2022 3389 2074 per
3407 2007 3663 2072 triduum,

2087 2103 2270 2156 dicens
2300 2117 2317 2156 :
2350 2101 2593 2155 Forsitan
2623 2100 2672 2153 ei
2706 2099 2843 2152 Deus
2875 2098 3189 2151 revelaverit
3227 2097 3295 2150 de
3345 2112 3449 2151 me.
3481 2098 3664 2151 Tertio

2088 2203 2263 2247 autem
2310 2194 2395 2246 die
2435 2194 2567 2245 dixit
2612 2192 2677 2244 ad
2728 2191 3077 2259 Smaragdum
3112 2207 3124 2240 :
3161 2188 3472 2256 Ex3pcctavi
3526 2192 3663 2243 sicut

2090 2286 2321 2353 rogasti,
2350 2284 2564 2338 domine
2612 2284 2681 2335 mi
2734 2282 2920 2345 frater,
2957 2294 3010 2336 et
3054 2298 3157 2335 non
3202 2282 3422 2336 discessi
3472 2282 3666 2337 alicubi

2094 2392 2189 2447 per
2219 2387 2324 2431 tres
2351 2378 2634 2429 continuos
2662 2375 2799 2428 dies.

2165 2469 2294 2523 Car.
2319 2467 2457 2522 XIV.
2482 2498 2552 2510 —-
2572 2468 2909 2535 Cognoscens
2930 2475 3103 2519 autem
3134 2463 3475 2534 Smaragdus,
3502 2464 3588 2532 qui
3615 2472 3668 2517 et

2099 2561 2476 2630 Euplirosyua,
2529 2559 2651 2627 quia
2707 2557 2936 2611 instabat
2982 2559 3097 2611 dies
3152 2555 3488 2609 domuitionis
3531 2557 3668 2621 ejus,

2098 2654 2309 2707 vocavit
2340 2652 2715 2714 Paphnutium,
2744 2663 2796 2703 et
2827 2651 2953 2703 dixit
2985 2652 3047 2703 ad
3079 2667 3197 2703 eum
3225 2668 3237 2701 :
3268 2652 3395 2716 Quia
3422 2651 3601 2717 omnip
3625 2674 3666 2695 »-

2102 2758 2221 2802 tcns
2253 2747 2391 2800 Deus
2422 2747 2555 2798 bene
2597 2744 2857 2812 disposait
2892 2760 3062 2796 meam
3098 2744 3391 2803 miseriam,
3423 2755 3475 2796 et
3503 2744 3671 2794 adim-

2106 2839 2270 2907 plevit
2297 2836 2621 2891 desiderium
2646 2851 2842 2901 meum,
2872 2835 3009 2902 quod
3033 2835 3095 2887 ad
3130 2834 3285 2887 ﬁnem
3313 2848 3478 2901 usque
3506 2833 3640 2885 virili

2100 2939 2183 2981 ter
2227 2926 2484 2981 certando
2532 2925 2774 2993 perduxi,
2830 2940 2933 2977 non
2986 2938 3102 2978 mea
3153 2923 3367 2984 virtute,
3419 2922 3514 2976 sed
3563 2922 3675 2989 ejua

2101 3013 2395 3080 adjutorio,
2453 3012 2539 3079 qui
2598 3026 2684 3063 me
2736 3012 3021 3064 custodivit
3069 3012 3134 3063 ab
3186 3011 3392 3065 ins‘diis
3449 3011 3672 3066 inimici:

424 3105 699 3159 ferentiam
730 3114 782 3157 et
810 3101 1260 3170 longanimitatem
1284 3139 1299 3163 ,
1325 3108 1378 3150 et
1408 3100 1547 3165 quod
1592 3095 1805 3162 expedit
1833 3094 1998 3147 adim-

2112 3116 2322 3176 peracto
2378 3120 2540 3159 cursu
2591 3113 2834 3173 superest
2882 3105 3007 3158 mihi
3040 3119 3232 3157 corona
3275 3105 3512 3172 juStitim.
3544 3103 3675 3158 Nolo

424 3199 565 3265 pieat
597 3206 700 3249 tam
730 3194 799 3248 de
834 3204 885 3247 te
915 3208 1069 3259 quam
1116 3191 1181 3244 de
1227 3192 1331 3243 ﬁlia
1377 3198 1484 3243 tua.
1538 3188 1756 3255 PrOpter
1806 3187 1904 3239 hoc
1949 3195 2005 3240 et

427 3287 737 3353 frequenter
765 3293 816 3338 te
847 3283 1030 3336 videre
1060 3281 1223 3344 volui,
1252 3289 1306 3334 et
1333 3280 1561 3347 colloqui
1593 3288 1786 3341 tecum,
1818 3288 1874 3329 ut
1906 3278 2003 3329 ali-

425 3393 582 3446 quam
608 3376 1024 3430 consolationem
1063 3390 1153 3441 per
1194 3388 1277 3425 me
1323 3373 1574 3425 humilem
1610 3369 1829 3425 forsitan
1858 3372 2007 3424 inve-

430 3471 595 3524 nires.
618 3469 684 3524 Ut
704 3479 881 3522 autem
908 3482 1010 3519 non
1035 3475 1415 3534 agnosceretur
1433 3480 1523 3529 per
1541 3465 1701 3516 multa
1715 3464 2000 3529 colloquia,

429 3561 564 3613 dixit
589 3560 653 3613 ad
685 3559 1038 3625 Paphnutium
1075 3574 1086 3606 :
1124 3558 1269 3620 Vale,
1300 3557 1514 3609 domine
1549 3556 1639 3608 mi.
1678 3555 1740 3608 Et
1767 3556 1891 3605 dum
1921 3571 2007 3608 re—

431 3651 621 3705 Cedere
644 3651 801 3703 vellet
828 3649 1174 3716 Paphnutius,
1207 3648 1379 3700 anima
1412 3647 1555 3700 illius
1581 3647 2006 3714 compatiebatur

432 3739 527 3801 illi,
554 3739 712 3792 facies
751 3738 865 3807 ejus
898 3736 1145 3805 pallebat,
1180 3747 1231 3788 et
1264 3737 1562 3802 replebatur
1596 3736 1862 3804 lacrytnis.
1895 3736 2007 3789 Pi‘a:

435 3830 598 3882 nimio
644 3839 822 3881 autem
848 3826 1054 3895 jejunio
1101 3836 1153 3879 ct
1182 3825 1427 3878 diu‘ttrna
1474 3825 1645 3877 inedia
1697 3826 2005 3892 sanguinem

434 3920 702 3974 voluebat.
752 3919 971 3970 Multum
1022 3916 1178 3984 igitur
1218 3913 1547 3968 confortatus
1578 3915 1903 3981 Paphnutius
1954 3918 2005 3967 iu

437 4011 794 4063 admonitione
837 4010 985 4075 ejus,
1037 4007 1279 4059 discessit
1327 4008 1393 4059 ab
1436 4021 1517 4058 ea.
1577 4008 1637 4057 Et
1684 4010 1901 4060 veniens
1944 4008 2010 4060 ad

438 4102 699 4164 abbatem,
733 4102 864 4153 dixit
893 4118 904 4150 :
932 4099 1210 4153 Aidiﬁcata
1241 4109 1325 4151 est
1353 4099 1527 4151 anima
1562 4115 1677 4151 mea
1700 4103 1765 4153 dc
1787 4102 1877 4153 illo
1906 4101 2008 4153 fra-

445 4202 547 4255 tre,
576 4202 627 4245 et
652 4194 723 4244 ita
758 4206 873 4245 sum
903 4192 1055 4243 hctus
1085 4190 1304 4243 effectus
1333 4189 1383 4242 in
1412 4190 1578 4259 gratia
1608 4190 1697 4243 Dei
1728 4206 1791 4244 ex
1817 4207 2012 4247 ροηδε).

447 4282 635 4335 latione
659 4283 793 4349 ejus,
828 4291 1075 4349 tanquam
1106 4280 1425 4333 invenissem
1451 4280 1611 4332 ﬁliam
1637 4296 1830 4335 meam.
1858 4283 2015 4336 Com-

452 4374 704 4426 mendaus
734 4387 792 4427 se
830 4372 880 4424 in
912 4371 1242 4424 orationibus
1271 4372 1475 4423 abbatis
1522 4384 1574 4423 et
1602 4370 1859 4426 'omnium
1909 4372 2014 4427 fra-

2108 3206 2284 3250 autetn
2312 3196 2485 3264 lejam
2509 3210 2629 3249 esse
2652 3194 2933 3247 sollicitum
2953 3210 3046 3263 pro
3069 3194 3171 3246 ﬁlia
3197 3206 3279 3250 tua
3303 3194 3675 3265 Euphrosyna,

2108 3303 2208 3356 ego
2237 3286 2378 3340 enim
2410 3300 2526 3339 sum
2559 3285 2645 3338 illa
2678 3283 2891 3349 misera,
2919 3294 2975 3338 et
3002 3293 3054 3336 tu
3082 3298 3140 3337 es
3170 3295 3317 3352 pater
3347 3300 3516 3337 meus.
3542 3286 3678 3338 Ecca

2106 3376 2211 3447 jam
2247 3377 2441 3442 vidisti,
2488 3385 2542 3430 et
2587 3374 2911 3429 satisfactum
2959 3384 3043 3429 est
3084 3376 3199 3439 tibi,
3252 3375 3344 3429 sed
3394 3392 3548 3428 nemo
3580 3375 3679 3428 hoc

2109 3470 2261 3531 sciat,
2293 3477 2347 3523 et
2376 3483 2478 3521 non
2508 3466 2800 3533 permittas
2826 3466 2892 3520 ab
2921 3466 3025 3519 alio
3055 3480 3246 3534 corpus
3272 3481 3445 3519 meum
3492 3465 3679 3519 nudari

2119 3570 2175 3614 et
2206 3559 2396 3623 lavari,
2430 3557 2523 3610 sed
2545 3572 2574 3609 a
2602 3558 2885 3626 temetipso
2916 3557 3016 3609 hoc
3038 3557 3218 3611 facias.
3246 3559 3307 3610 Et
3327 3561 3445 3626 quia
3466 3560 3682 3622 promisi

2115 3651 2292 3703 abbati
2344 3646 2539 3702 habere
2569 3648 2760 3701 inultas
2809 3649 3196 3715 possessiones,
3244 3658 3292 3701 et
3325 3646 3366 3699 si
3397 3650 3682 3715 potuissem

2113 3743 2381 3795 sustinere
2411 3748 2467 3792 et
2496 3739 2785 3808 perdurare
2834 3738 2885 3790 in
2926 3738 3042 3791 loco
3084 3739 3205 3801 isto,
3237 3738 3555 3791 adducerem
3593 3753 3685 3793 eas

2116 3835 2221 3894 hic,
2254 3832 2416 3899 imple
2448 3846 2576 3900 ergo
2621 3830 2760 3899 quod
2806 3829 3049 3898 promisi,
3095 3831 3215 3896 quia
3246 3830 3561 3883 venerabilis
3603 3843 3685 3883 est

2115 3925 2259 3977 locus
2297 3927 2415 3985 iste,
2448 3932 2501 3975 et
2530 3936 2621 3974 ora
2650 3935 2745 3989 pro
2773 3936 2876 3974 me.
2910 3920 3031 3976 llaec
3056 3919 3239 3975 dicens
3269 3921 3486 3974 tradidit
3524 3921 3684 3989 Spiri-

2116 4027 2228 4069 tum
2260 4014 2515 4067 Kalendis
2544 4013 2800 4067 Januarii.

2186 4105 2313 4158 Cxp.
2370 4102 2482 4157 XV.
2516 4133 2583 4145 ——
2611 4104 2742 4156 Dum
2786 4102 3019 4157 audisset
3058 4103 3182 4156 talia
3236 4105 3392 4157 verba
3443 4104 3688 4174 Paphnu-

2118 4198 2244 4262 tius,
2300 4203 2354 4249 et
2410 4194 2632 4249 vidisset
2685 4194 2806 4262 quia
2852 4192 3186 4256 obdormivit,
3242 4202 3502 4247 commota
3567 4209 3689 4250 sunt

2118 4287 2319 4338 viscera
2348 4286 2486 4349 ejus,
2521 4282 2820 4350 ceciditque
2841 4281 2893 4335 in
2928 4291 3140 4345 terram,
3170 4292 3224 4335 et
3254 4283 3417 4335 fac'us
3442 4292 3523 4338 est
3547 4287 3691 4338 velut

2122 4386 2378 4430 mortuus.
2409 4378 2708 4427 Accurrens
2737 4382 2914 4426 autem
2943 4374 3218 4442 Agapitus,
3251 4374 3437 4426 videns
3476 4390 3685 4443 quoque

443 4472 613 4528 trum,
659 4477 903 4516 reversus
951 4469 1035 4516 est
1080 4462 1130 4513 iu
1173 4463 1387 4514 domum
1430 4477 1617 4528 suam,
1671 4465 2016 4533 magniﬁcans
2048 4458 2098 4516 D
2126 4469 2247 4534 quia
2300 4467 2581 4520 defunctus
2637 4477 2777 4519 esset
2827 4467 3181 4535 Smaragdus,
3235 4474 3287 4515 et
3337 4466 3687 4532 Paphuutium

442 4555 631 4607 Deum.

512 4645 641 4698 Car.
674 4645 812 4699 XIII.
844 4678 908 4688 —-
928 4646 1214 4714 Complens
1244 4654 1421 4699 autem
1454 4647 1775 4716 Smaragdus
1804 4651 1855 4703 in
1885 4654 2015 4705 cella

448 4737 682 4790 solitaria
714 4739 921 4806 triginta
950 4749 1003 4791 et
1026 4750 1147 4791 ueto
1175 4753 1365 4803 annos,
1400 4740 1582 4792 incidit
1609 4740 1658 4793 in
1686 4742 2015 4810 inﬁrmitate,

447 4843 550 4894 qua
581 4837 634 4879 et
661 4840 895 4882 mortuus
933 4839 1030 4880 est.
1071 4830 1305 4893 Quadam
1336 4831 1493 4898 367
1541 4845 1668 4883 vero
1714 4833 1799 4885 die
1828 4848 2018 4887 secun-

447 4921 576 4972 dum
611 4920 1044 4971 consuetudinem
1087 4920 1230 4971 venit
1263 4920 1584 4986 Paphnutius
1635 4923 1862 4976 invisere
1905 4940 2020 4976 mo-

448 5008 758 5071 nasterium,
785 5019 834 5061 et
864 5018 980 5072 post
1008 5009 1293 5060 orationem
1321 5019 1373 5061 et
1396 5010 1767 5063 salutationem
1795 5012 2016 5066 fratrum

449 5099 585 5151 dixit
628 5096 860 5152 seni:Si
901 5098 1089 5163 juhes,
1124 5096 1304 5160 l’ater,
1337 5098 1485 5151 mitte
1539 5116 1623 5153 me
1672 5102 2019 5171 Smaragdum

453 5193 652 5255 videre,
698 5192 813 5258 quia
848 5189 998 5242 valde
1025 5188 1293 5241 desiderat
1329 5205 1448 5241 eum
1480 5191 1654 5243 anima
1688 5207 1821 5244 mea.
1861 5194 2023 5248 Voca-

454 5293 610 5350 toqne
640 5280 863 5349 Agapitu
892 5279 1142 5348 praecepit
1169 5278 1216 5330 ei
1246 5278 1440 5331 ducere
1468 5278 1818 5345 Paphnutium
1852 5285 1915 5334 ad
1949 5283 2020 5334 vi.

453 5373 716 5426 sitanduin
742 5371 1108 5439 Siuaragdum.
1132 5368 1393 5421 Introiens
1411 5369 1738 5435 Paphnutius
1762 5370 1811 5421 in
1835 5373 2019 5425 cellam

454 5465 541 5516 ubi
588 5478 727 5531 ager
752 5460 985 5531 jacehat,
1016 5461 1176 5526 coepit
1207 5474 1326 5511 eum
1358 5460 1583 5512 osculari
1618 5461 1939 5525 lam-ymaus.
1973 5473 2025 5514 et

454 5553 678 5605 dicens:
722 5552 833 5603 lIeu
877 5552 991 5603 me!
1025 5551 1111 5601 ubi
1163 5559 1287 5601 sunt
1338 5548 1716 5616 promissiones
1767 5561 1889 5614 tum,
1937 5552 2024 5606 tibi

455 5645 612 5697 verba
660 5643 852 5708 dulcia,
899 5641 1038 5711 quod
1082 5641 1212 5695 mihi
1253 5639 1479 5694 futuram
1531 5642 1810 5695 videndam
1861 5644 2027 5697 oculis

656 5757 925 5814 l’arnoc.
973 5753 1257 5812 LXXIII.

2119 4559 2386 4627 jacentem
2417 4558 2467 4611 in
2504 4569 2640 4610 terra
2673 4555 3008 4621 semivivum,
3035 4556 3255 4621 jactavit
3283 4557 3332 4607 in
3367 4556 3551 4609 faciem
3576 4558 3691 4627 ejus

2122 4666 2313 4715 aquam
2354 4650 2455 4718 (6),
2499 4658 2551 4699 et
2595 4648 2824 4701 elevavit
2874 4662 2993 4700 eum
3039 4647 3266 4700 dicens:
3314 4649 3448 4713 Quid
3499 4652 3688 4717 habes,

2122 4741 2335 4792 domine
2361 4740 2431 4791 mi
2458 4738 2715 4805 Paphnuti
2738 4738 2759 4789 ’ἒ
2783 4737 2875 4791 Ait
2895 4748 3067 4789 autem
3084 4737 3409 4804 Paphnutius
3437 4756 3447 4790 :
3477 4739 3691 4793 Dimitte

2124 4846 2210 4884 me
2238 4840 2293 4882 ut
2321 4830 2405 4881 hic
2427 4830 2642 4889 moriar,
2666 4826 2775 4879 vidi
2803 4829 2943 4879 enim
2970 4827 3224 4879 mirabilia
3256 4827 3431 4882 hodie.
3457 4828 3692 4897 Surgeus

2124 4931 2299 4973 autem
2332 4918 2479 4971 irruit
2513 4917 2566 4970 in
2600 4916 2785 4970 faciem
2818 4915 2955 4985 ejus,
3008 4916 3391 4971 multitudinem
3434 4920 3689 4990 Iacryma-

2125 5028 2237 5064 rum
2269 5009 2575 5072 infundens,
2604 5011 2866 5063 clamabat
2894 5010 3075 5063 dicens
3103 5028 3115 5063 :
3147 5013 3255 5064 Ileu
3279 5014 3400 5065 me!
3436 5014 3539 5068 ﬁlia
3574 5030 3689 5069 mea

2124 5099 2446 5162 dulcissima,
2478 5115 2640 5166 quare
2669 5108 2793 5154 ante
2833 5116 2935 5153 non
2970 5102 3313 5157 manifestasti
3344 5102 3473 5157 mihi
3505 5115 3558 5159 ut
3590 5121 3691 5177 ego

2124 5205 2337 5257 quoque
2386 5205 2558 5242 tecum
2608 5205 2846 5243 morerer
2892 5201 3183 5258 spontanea
3234 5194 3542 5250 voluntate?
3601 5195 3691 5250 Va:

2127 5284 2256 5335 mihi
2283 5283 2294 5335 !
2326 5281 2592 5349 quomodo
2637 5282 2877 5335 latuisti?
2906 5285 3170 5349 quomodo
3201 5288 3525 5353 pertransisti
3557 5287 3689 5342 insl-

2127 5376 2242 5426 dias
2271 5372 2721 5436 adversariorum,
2756 5386 2807 5427 et
2832 5375 3092 5440 nequitias
3122 5376 3426 5444 spirituales
3451 5381 3693 5434 tenebra-

2128 5478 2243 5515 rum
2275 5464 2396 5514 vitw
2427 5461 2604 5529 hujus,
2630 5471 2685 5514 et
2710 5463 2935 5516 introisti
2964 5464 3016 5517 in
3046 5466 3210 5519 vitam
3237 5467 3525 5521 aeternam?

2200 5557 2330 5609 Car.
2364 5554 2726 5609 ξυνὴ-ηπ
2754 5559 3007 5624 Agapitus
3028 5557 3265 5622 audiens,
3295 5569 3349 5613 et
3369 5569 3699 5623 cognoscens

2135 5658 2237 5701 tam
2274 5648 2572 5702 mirabilem
2606 5664 2842 5715 causam,
2894 5651 3224 5719 stupefacms
3265 5662 3366 5716 εει,
3396 5658 3446 5701 et
3475 5660 3698 5704 currens

3147 5760 3217 5821 21
