4020 6240
405 256 505 310 651

1488 256 1578 311 DE
1618 255 1798 313 VITIS
1836 254 2121 310 PATRUM
2162 254 2363 312 LIBER
2404 255 2681 312 PRIMUS.

3570 260 3677 315 632

407 363 673 419 nuntiavit
692 367 870 421 omnia
900 364 1103 423 abbati.
1128 366 1361 423 Veniens
1387 376 1564 421 autem
1593 367 1759 421 abbas
1795 369 1990 423 cecidit
2020 373 2064 428 Α
2096 367 2284 433 Deum,
2308 372 2503 435 gratias
2532 378 2751 438 agentes
2771 371 2816 423 ei
2848 369 2997 438 cujus
3028 381 3149 424 sunt
3179 372 3359 428 omnia
3388 386 3508 444 qua:
3534 376 3676 432 bona

404 471 567 523 super
596 470 737 522 eam,
765 465 823 510 et
868 458 1076 526 ejulans
1120 458 1334 513 dicebat
1360 471 1373 515 :
1404 458 1751 528 Euphrosyna
1793 474 1988 528 sponsa

402 546 626 614 Christi,
654 556 710 602 et
738 548 841 601 filia
873 558 1200 613 sanctorum,
1234 564 1301 602 ne
1340 550 1673 604 obliviscaris
1695 565 1981 604 conservo-

400 654 522 694 rum
555 636 764 694 tuorum
796 649 849 693 et
894 640 1050 710 hujus
1081 641 1411 708 monasterii,
1457 644 1549 697 sed
1581 658 1671 696 ora
1707 660 1801 712 pro
1833 645 1987 701 nobis

402 731 468 785 ad
500 730 785 785 Dominum
816 730 996 785 Jcsum
1029 731 1325 799 Christum,
1358 742 1415 786 ut
1445 734 1603 788 faciat
1633 751 1731 789 nos
1762 737 1987 791 viriliter

402 820 663 875 certando
692 822 973 888 pervenire
1004 822 1069 875 ad
1103 831 1314 892 portum
1344 824 1554 887 salutis,
1583 836 1637 878 et
1677 828 1983 894 portionem

402 913 602 968 habere
624 929 807 968 secum
839 924 892 968 et
917 929 1036 968 cum
1065 916 1265 970 sanctis
1313 916 1447 970 suis.
1477 916 1541 969 Et
1569 916 1729 985 jussit
1758 928 1815 972 ut
1855 934 1985 973 cou-

396 1014 749 1073 gregarentur
797 1018 985 1058 omnes
1034 1004 1248 1071 fratres,
1299 1012 1355 1058 ut
1402 1019 1521 1059 cum
1555 1008 1757 1061 honore
1803 1008 1984 1062 debito

399 1104 642 1150 sanctum
694 1110 888 1165 corpus
942 1096 1083 1150 illius
1126 1097 1415 1165 sepultura:
1470 1097 1787 1153 traderetur.
1848 1099 1980 1154 Dum

397 1198 576 1243 autem
605 1193 909 1260 congregati
939 1191 1211 1256 adessent,
1253 1200 1307 1246 et
1333 1191 1594 1247 vidissent
1623 1201 1729 1245 tam
1758 1203 1981 1261 stupen-

397 1280 523 1333 dum
572 1282 889 1335 miraculum
944 1283 1314 1351 glorificabant
1356 1282 1544 1347 Deum,
1576 1285 1664 1352 qui
1708 1285 1870 1339 etiam
1925 1286 1979 1338 in

395 1370 977 1442 fcmineo-sexu-fragili
1007 1381 1151 1426 tanta
1174 1373 1431 1427 miracula
1454 1384 1727 1442 operatur.
1753 1373 1976 1439 Quidam

392 1473 572 1516 autem
612 1463 775 1517 frater
818 1478 982 1516 unum
1037 1463 1243 1518 habens
1286 1464 1525 1531 oculum,
1576 1465 1848 1519 osculatus
1896 1476 1979 1520 est

393 1553 595 1607 vultum
625 1553 742 1621 ejus
769 1568 890 1607 cum
920 1555 1192 1615 lacrvmis.
1239 1554 1527 1624 statimque
1554 1565 1611 1610 ut
1636 1572 1753 1610 eam
1782 1556 1973 1626 tetigit,

392 1648 580 1696 oculos
624 1645 673 1696 ei
717 1645 995 1697 restitutus
1024 1653 1125 1698 est.
1184 1644 1250 1697 Et
1281 1644 1526 1699 videntes
1556 1659 1742 1699 omnes
1785 1646 1976 1701 fratres

2099 468 2246 517 sunt.
2279 461 2610 530 Multumque
2634 462 2916 516 confortati
2954 472 3009 516 et
3042 463 3310 528 ardilicati,
3341 466 3681 533 sepelierunt

2093 564 2210 603 eam
2244 551 2294 603 in
2328 563 2678 605 monumento
2722 562 2956 620 patrum.
2989 551 3149 606 Pater
3182 569 3313 607 vero
3352 556 3469 622 ejus
3495 559 3678 611 omnia
3722 583 3731 591 -

2090 654 2209 708 quae
2240 640 2442 706 habuit,
2476 639 2528 693 in
2556 641 2780 694 ecclesia
2805 653 2857 694 et
2888 642 3224 697 xenodochio
3253 650 3307 697 et
3344 648 3676 701 monasterio

2089 730 2343 793 offerens,
2364 746 2655 785 conversus
2682 741 2766 785 est
2804 732 2857 785 in
2886 732 3075 785 eodem
3106 735 3453 799 monasterio,
3478 746 3529 789 et
3556 738 3676 805 plu-

2088 824 2277 877 rimam
2336 834 2537 890 partem
2578 823 2889 877 substantiae
2937 838 3049 877 sute
3098 824 3299 878 ibidem
3348 826 3578 881 offerens
3622 831 3674 883 in

2085 916 2271 969 eadem
2301 916 2435 969 cella
2463 915 2654 969 ibidem
2680 916 2986 969 demoratus
3015 925 3119 982 est,
3146 919 3197 970 in
3223 918 3415 972 eodem
3440 920 3675 989 psiathio

2085 1006 2163 1073 (7)
2194 1006 2469 1058 dormiens
2502 1006 2550 1059 in
2581 1020 2685 1072 quo
2711 1005 3082 1076 Euphrosyna.

2160 1098 2303 1151 Vixit
2324 1108 2500 1151 autem
2534 1097 2863 1164 Paphnutius
2890 1098 2940 1150 in
2974 1109 3163 1152 sancto
3192 1099 3472 1168 proposito
3501 1117 3672 1156 annos

2083 1188 2291 1255 decem,
2328 1201 2382 1243 et
2404 1191 2685 1259 emigravit
2713 1189 2778 1241 ad
2815 1190 3091 1243 Dominum
3121 1190 3304 1258 :juxta
3334 1191 3495 1244 filiam
3521 1208 3667 1246 suam

2082 1283 2408 1350 sepelierunt
2438 1296 2559 1337 eum
2597 1282 2899 1351 glorificans
2931 1282 3093 1336 Deum
3143 1283 3311 1337 abbas
3350 1299 3473 1338 cum
3521 1288 3666 1339 omni

2083 1373 2247 1443 368
2280 1375 2712 1442 congregatione.
2748 1373 2869 1426 Dies
2905 1381 3082 1426 autem
3124 1375 3459 1442 migratiouis
3483 1391 3666 1429 eorum

2082 1464 2148 1515 ad
2183 1462 2465 1516 Dominum
2496 1463 2797 1516 celebratur
2833 1462 2884 1514 in
2917 1462 3101 1515 eodem
3148 1465 3474 1518 monasterio
3503 1481 3669 1534 usque

2082 1552 2134 1606 in
2170 1562 2488 1619 praesentem
2520 1553 2684 1619 diem,
2717 1552 3082 1621 glorificantes
3127 1552 3298 1607 Deum
3349 1554 3583 1619 Patrem,
3611 1564 3667 1608 et

2081 1644 2299 1709 Filium,
2321 1652 2378 1698 et
2406 1642 2662 1713 Spiritum
2689 1653 2955 1707 sanctum,
2985 1645 3070 1697 cui
3100 1650 3183 1697 est
3214 1643 3383 1698 honor
3408 1652 3463 1698 et
3492 1646 3665 1714 gloria

384 1733 479 1802 qui
537 1733 760 1788 aderant
801 1734 904 1788 hoc
959 1734 1102 1805 quod
1160 1733 1358 1789 faetum
1411 1744 1515 1789 est.
1583 1735 1976 1790 benedixcrunt
2007 1747 2049 1804 Β
2079 1733 2132 1788 in
2164 1735 2357 1788 saacula
2388 1734 2728 1789 saeculorum.
2758 1734 2950 1786 Amen.

1558 1899 1566 1907 ’
1656 1893 2020 1950 ROSWEYDI
2060 1895 2377 1952 ΝΟΤΑἸῚΟ.

457 2004 557 2085 (li.
584 2001 982 2086 Eup‘ltrosyntej
1014 2004 1441 2086 Martyrologium
1471 2004 1790 2086 Romanum,
1825 2005 1849 2058 l
1878 2003 1971 2058 Ja-

388 2074 558 2126 nuarii
586 2090 602 2131 :
636 2073 1023 2131 (Alexandria:
1053 2073 1324 2143 depositio
1365 2085 1566 2129 sancta:
1605 2073 1975 2143 Euphrosynm

386 2144 634 2211 virginis,
668 2159 786 2214 quae
830 2145 882 2198 in
935 2146 1260 2199 monasterio
1312 2147 1508 2200 virtute
1555 2144 1892 2198 abstinentiae
1921 2155 1975 2199 et

388 2213 662 2267 miraculis
688 2213 906 2269 claruit.
938 2233 958 2267 ι
1003 2215 1358 2284 Menologium
1403 2215 1737 2275 Graecorum,
1772 2214 1841 2284 25
1870 2214 1974 2268 Se-

388 2285 683 2348 ptembris:
714 2303 732 2333 σ
764 2286 961 2338 Natalis
983 2295 1183 2339 sancta:
1212 2283 1399 2338 matris
1432 2294 1628 2339 nostra:
1660 2283 1973 2352 Euphrosy-

389 2368 494 2418 ηπ),
522 2354 660 2408 beati
690 2355 978 2421 Paphuutii
1012 2355 1248 2424 [Egyptii
1277 2354 1419 2408 filim.
1453 2373 1471 2406 ι
1523 2356 1747 2417 Mentea,
1772 2353 1842 2405 25
1865 2354 1969 2408 Se-

388 2424 647 2491 ptembris
678 2425 921 2478 versibus
941 2423 1138 2487 iambis
1169 2423 1339 2478 Vitam
1382 2424 1615 2478 breviter
1643 2426 1969 2491 exprimunt.

461 2491 785 2564 Galesinius,
840 2504 1008 2564 notat.
1060 2494 1126 2564 ad
1174 2493 1471 2564 Martyrol.,
1508 2494 1579 2546 ait
1630 2493 1767 2547 hanc
1809 2495 1970 2546 etiam

386 2561 454 2615 ab
482 2563 604 2632 aliis
626 2564 824 2617 dictam
856 2562 1229 2631 Euphrasiam,
1261 2561 1830 2632 ejusque'mentionem
1854 2579 1972 2619 esse

385 2631 526 2700 apud
558 2633 943 2687 Damascenum
973 2634 1023 2687 in
1063 2631 1304 2687 extremo
1337 2635 1491 2687 tertio
1520 2634 1653 2686 libro
1683 2633 1749 2685 de
1777 2632 1969 2701 Imagi-

388 2702 569 2772 nibus.
592 2703 765 2757 Recte
787 2703 1001 2772 quidem
1032 2701 1341 2770 Euphrasio:
1368 2719 1460 2757 seu
1491 2702 1811 2771 Euphraxire
1829 2705 1969 2770 apud

384 2771 768 2843 Damascenum
809 2771 1034 2838 mentio,
1063 2773 1157 2827 sed
1203 2789 1309 2827 nun
1342 2772 1718 2843 Euphrosynm.
1756 2787 1873 2839 quae
1900 2774 1966 2828 ab

383 2841 475 2894 illa
505 2842 714 2896 diversa
745 2852 848 2896 est.
875 2843 997 2897 Dies
1020 2852 1196 2896 autem
1227 2841 1749 2906 natalis'h‘uplirasiw
1776 2857 1968 2896 occur-

384 2910 452 2965 rit
482 2913 548 2966 15
572 2911 766 2965 Martii.
794 2912 929 2966 Vide
961 2913 1046 2966 hic
1077 2913 1233 2979 paulo
1256 2923 1380 2966 ante
1408 2913 1457 2965 in
1490 2912 1802 2977 Eupltrasia.

457 2980 829 3050 Euphrosynae
867 2983 1041 3036 Vitam
1070 2983 1351 3053 habesper
1381 2983 1795 3049 Metaphrastem
1826 2982 1967 3050 apud

383 3049 760 3119 Lipomanum,
795 3061 941 3106 torno
966 3052 1052 3113 Vl,
1085 3062 1139 3104 et
1163 3049 1400 3117 Sur'ium,
1435 3064 1564 3105 tom.
1596 3053 1633 3106 l.
1658 3054 1781 3106 llaec
1803 3068 1961 3118 quam

383 3121 574 3177 damus
603 3123 859 3177 haetenus
899 3122 1037 3174 inter
1064 3121 1211 3176 Vitas
1255 3124 1467 3177 Patrum
1493 3120 1594 3177 fuit
1626 3123 1958 3176 circumlata.

380 3191 819 3260 Comparavimus
845 3206 963 3260 eam
988 3207 1107 3245 cum
1138 3194 1411 3247 veteribus
1432 3193 1758 3248 editionibus
1778 3201 1832 3244 et
1862 3192 1963 3245 Ms.

452 3259 532 3329 (2)
565 3259 1330 3385 Ραρήηυιὶηεὲιιιεηοιοείυηι
1377 3263 1709 3343 Crmcorum,
1749 3260 1824 3314 25
1868 3263 1965 3342 Se-

452 3330 579 3384 :mb.
616 3349 633 3380 ι
668 3331 871 3384 Eodem
943 3346 991 3385 te
1018 3344 1460 3385 commemoratio
1483 3333 1617 3385 beati
1650 3331 1953 3385 Paphnutn.

379 3330 579 3398 ptemb.
616 3349 633 3380 ι
668 3331 871 3384 Eodem
900 3330 991 3385 die
1018 3330 1460 3385 commemoratio
1483 3333 1617 3385 beati
1650 3331 1953 3400 Paphnutii,

377 3400 544 3469 patris
559 3400 947 3471 Euphrosyuze.
974 3418 993 3453 ι
1022 3402 1077 3455 In
1100 3401 1315 3456 Menaeis
1331 3402 1518 3456 eodem
1541 3403 1629 3457 die
1658 3401 1725 3455 de
1746 3401 1958 3455 eodem.

382 3560 494 3574 ..-

2149 2004 2232 2075 (5)
2280 2003 2543 2076 Ptoclu'a.]
2573 2004 2707 2060 Mira
2743 2005 2831 2058 hic
2862 2004 3129 2058 variorum
3174 2003 3425 2060 librorum
3468 2006 3653 2061 lectio.

2080 2076 2360 2143 Pleraeque
2399 2076 2665 2129 editiones
2705 2076 2901 2130 habent
2945 2078 3157 2141 :apetia,
3205 2077 3553 2141 ineptissime.
3598 2078 3657 2130 ιιι

2079 2150 2443 2213 manuscripto
2486 2145 2879 2199 Audomarensi
2924 2157 3041 2199 erat
3084 2147 3314 2214 tapchia.
3357 2146 3581 2200 lndubie
3624 2165 3658 2212 ν

2078 2216 2532 2282 transponendum
2577 2215 2970 2284 legendumque
3016 2216 3556 2285 ριοεΙιὶα,’πτωχεῖα,
3608 2217 3659 2269 id

2076 2294 2159 2338 est
2189 2301 2472 2353 pauperum
2498 2287 2700 2337 domus.
2743 2286 2928 2339 Solent
2959 2286 3187 2340 subinde
3207 2286 3381 2338 Latini
3414 2295 3661 2339 auctores

2077 2355 2277 2408 Graecis
2327 2355 2603 2409 vocabulis
2651 2355 2747 2422 uti,
2788 2370 2909 2409 cum
2940 2354 3129 2409 Latina
3153 2357 3331 2409 versio
3378 2358 3662 2413 commoda

2075 2440 2180 2479 non
2203 2436 2459 2479 OCCIlI'l'Il.

2148 2495 2226 2563 (4)
2268 2493 2642 2565 Hierocomia.j
2665 2495 2738 2548 Ita
2761 2495 2859 2549 Ms.
2893 2494 3249 2549 Bertinianus.
3270 2494 3446 2549 Prima
3472 2493 3659 2556 editio,

2075 2564 2369 2624 ierocomia.
2395 2565 2536 2631 quod
2567 2575 2741 2617 ortum
2769 2580 2835 2619 ex
2858 2566 3147 2632 scriptione
3170 2567 3464 2618 ierocomia.
3498 2566 3658 2618 Intel-

2074 2636 2182 2712 ligo
2207 2635 2541 2712 Itierpcomia,
2580 2633 2668 2688 ubi
2692 2643 2970 2700 curantur,
3008 2636 3098 2703 qui
3135 2650 3281 2689 sacro
3308 2634 3508 2703 morbo,
3548 2637 3657 2712 ἱερῇ

2070 2706 2231 2775 νόσῳ.
2262 2704 2441 2775 labora
2451 2713 2529 2760 nt.

2147 2773 2224 2847 (5)
2278 2773 2530 2847 Tunicam
2578 2773 2904 2847 θώρηκιιὶδῇ
2936 2783 3124 2847 Σχῆμα
3164 2773 3367 2830 Graecis
3406 2774 3653 2830 monachi

2073 2843 2306 2899 habitus.
2347 2845 2473 2897 Vide
2496 2843 2897 2899 Onomasticon.

2145 2914 2220 2983 (6)
2261 2914 2482 2984 ductavit
2511 2916 2562 2966 in
2596 2916 2776 2983 faciem
2809 2917 2921 2984 ejus
2958 2914 3189 2984 nquam]
3225 2915 3295 2968 Ita
3321 2914 3448 2968 olim
3471 2914 3653 2967 exani-

2072 2986 2229 3039 matis
2250 2982 2441 3053 frigida
2481 2982 2678 3037 all'undi
2720 2982 2900 3054 solita.
2942 2982 3135 3054 Supra,
3166 2982 3283 3038 Vita
3317 2986 3650 3053 Euphrasiaa,

2073 3071 2192 3121 cap.
2217 3052 2375 3121 93η
2407 3068 2598 3122 aquam
2642 3056 2691 3106 in
2726 3052 2915 3109 faciem
2941 3052 3056 3123 ejus
3088 3056 3252 3109 misit.
3285 3073 3303 3106 ι

2144 3122 2223 3194 (7)
2264 3124 2331 3176 In
2360 3125 2537 3177 eodem
2557 3124 2823 3195 psiathio.]
2859 3122 3326 3180 Ms.iBertinianus
3353 3141 3365 3176 :
3390 3124 3443 3176 in
3475 3124 3651 3177 cadent

2069 3197 2317 3264 phisiata.
2369 3195 2531 3259 Editi,
2564 3196 2617 3247 in
2663 3197 2839 3248 eodem
2870 3204 3053 3247 stram.
3101 3196 3263 3249 Ilecta
3316 3196 3472 3248 lcetio
3510 3195 3651 3264 psitt-

2068 3265 2259 3329 tlu'um,
2309 3264 2361 3318 id
2400 3275 2483 3318 est
2525 3265 2765 3331 mattula,
2796 3272 2854 3319 ut
2892 3266 3001 3333 jam
3052 3281 3193 3333 saape
3235 3264 3460 3318 dictum.
3517 3264 3653 3318 Vide

2067 3335 2464 3390 Unotuasticon.

1726 3700 2030 3745 ocronms
2058 3699 2244 3760 χχιι.

1766 3839 2249 3949 νῙΤΛ

377 4043 1206 4190 SANCTZE
1345 4045 2062 4190 MARI/E
2191 4043 3408 4200 MERETRICIS
3461 4122 3540 4195 (ι)
3596 4159 3639 4243 ,

1180 4284 1577 4358 NEPTIS
1654 4282 2149 4357 ABBAH/E
2221 4286 2816 4359 ΕΒΕΜΙΤᾹΞ.

1088 4437 1458 4502 AUCTORE
1503 4436 1816 4499 SANCTO
1860 4437 2217 4499 EPHBIEM
2264 4437 2903 4515 ARCHIDIACONO,

1575 4583 2021 4642 INTERPRETE
2060 4585 2245 4643 ANON
2258 4586 2423 4643 YMO.

833 4720 984 4782 Haec
1018 4726 1107 4781 est
1141 4735 1290 4800 pars
1343 4719 1501 4783 γειοε
1533 4724 1742 4782 sancti
1782 4718 2040 4780 Abrahae
2063 4764 2078 4793 ,
2130 4735 2265 4797 qum
2304 4715 2566 4777 habetur
2598 4734 2788 4796 supra
2813 4760 2830 4790 ,
2863 4718 2989 4779 col.
3016 4718 3156 4780 281.

433 4949 612 5005 Cum
637 4965 957 5005 paruum—
986 4948 1121 5004 Volo
1164 4957 1365 5012 autem,
1411 4946 1769 5012 dilectissimi,
1814 4961 1944 4999 una-
1977 4950 2027 5008 ι)
2057 4942 2195 4997 tibus
2236 4941 2483 4995 orbatam
2517 4942 2627 4996 noti
2670 4932 2940 5012 amicique
2987 4944 3154 5013 patris
3183 4944 3300 5014 ejus
3343 4946 3627 5013 vidissent,

361 5040 591 5096 nitnitati
621 5052 812 5095 vestrae
852 5043 1014 5096 etiam
1056 5040 1202 5096 aliud
1232 5038 1599 5094 admirandum
1646 5039 1941 5109 negotium,

361 5133 503 5201 quod
549 5133 602 5187 in
643 5144 924 5190 senectute
964 5148 1060 5189 sua
1101 5136 1181 5190 vir
1208 5134 1399 5190 beatus
1450 5135 1636 5203 gessit,
1670 5147 1940 5187 enarrare.

360 5224 458 5278 Est
504 5223 647 5279 enim
688 5226 1020 5296 sapientibus
1064 5241 1129 5282 ac
1167 5227 1497 5296 spiritalibus
1540 5226 1672 5279 viris
1729 5226 1942 5293 plenum

360 5313 752 5383 aedificationis.
782 5331 881 5372 nec
910 5333 1014 5373 non
1047 5317 1363 5371 humilitatis
1392 5325 1553 5384 atque
1572 5315 1943 5380 compunctio-

362 5403 443 5459 nis
472 5406 802 5476 exemplum.
829 5407 935 5464 Res
964 5421 1094 5462 vero
1117 5414 1267 5476 gesta
1292 5404 1657 5474 hujuscemodi
1684 5413 1801 5457 est:

428 5493 560 5550 CAP.
612 5493 679 5551 ll.
714 5524 787 5538 --
824 5496 1020 5552 llabuit
1075 5495 1156 5550 vir
1199 5494 1386 5549 beatus
1438 5493 1708 5549 Abraham
1765 5492 1940 5547 carnis

358 5586 758 5657 propinquitate
788 5602 1101 5659 germanum
1127 5603 1140 5639 :
1165 5600 1271 5655 quo
1312 5584 1588 5651 defuncto,
1620 5583 1776 5638 unica
1829 5582 1936 5637 filia

356 5671 473 5741 eius
499 5691 765 5735 annorum
798 5685 1003 5743 septem
1030 5677 1365 5741 relinquitur.
1394 5676 1566 5740 Quam
1595 5690 1715 5731 cum
1745 5689 1936 5742 paren-

1346 6206 1405 6225 ‘.37
1440 6210 1465 6225 ;
1496 6220 1511 6225 ρ
1548 6210 1571 6225 νζ
1636 6208 2131 6231 τείπ-ιῃ“,κῗμλμϋγ
2154 6217 2335 6226 μ---
2368 6217 2435 6224 ..ι-.-
2476 6215 2683 6226 -ΑΔ-

2056 5044 2240 5103 patruo
2292 5034 2412 5102 ejus
2460 5033 2577 5088 sine
2627 5049 2775 5090 mora
2832 5034 3151 5102 producunt.
3213 5036 3459 5106 Cumque
3517 5055 3635 5094 eam

2052 5126 2232 5180 senior
2254 5134 2522 5189 cerneret,
2557 5126 2609 5177 in
2650 5127 2783 5178 cella
2805 5142 2900 5179 sua
2930 5128 3181 5182 exteriori
3219 5129 3373 5196 jubet
3415 5132 3636 5185 includi.

2053 5219 2177 5271 Erat
2201 5227 2378 5271 autem
2408 5218 2461 5271 in
2493 5217 2669 5271 medio
2702 5217 2979 5288 utriusque
3018 5221 3222 5274 cellula:
3249 5219 3483 5275 feneSIra
3519 5239 3633 5292 per-

2049 5309 2282 5374 modica,
2307 5324 2402 5375 per
2432 5324 2589 5377 quam
2622 5308 2855 5361 docebat
2892 5325 3007 5363 eam
3043 5311 3356 5375 psalterium
3394 5313 3638 5380 aliasque

2050 5401 2364 5470 scripturas,
2396 5407 2451 5453 et
2481 5414 2600 5453 cum
2629 5415 2694 5454 eo
2721 5400 2882 5470 369
2910 5400 2961 5453 in
2992 5400 3236 5453 laudibus
3268 5401 3482 5456 Domini
3511 5407 3615 5473 vigi

2050 5490 2213 5555 labat,
2247 5498 2300 5544 ct
2349 5490 2586 5557 psalmos
2616 5490 2964 5544 nihilominus
3005 5492 3345 5559 concinebat,
3392 5504 3550 5562 atque
3584 5497 3634 5549 in

2046 5582 2191 5635 omni
2220 5582 2543 5636 abstinentia
2590 5583 2825 5637 aemulari
2857 5598 3013 5637 suum
3047 5594 3295 5654 patruum
3339 5587 3629 5641 nitebatur.

2046 5676 2308 5730 Alacriter
2361 5691 2573 5745 quoque
2629 5676 2680 5730 in
2735 5685 2948 5747 arrepto
2998 5678 3242 5733 instituto
3298 5680 3629 5749 proficiens,
