4020 6234
340 316 447 373 G53

1332 310 1483 366 νιτΑ
1524 308 1819 364 SANCTIF.
1858 302 2099 361 MARIIE
2136 301 2565 357 MERETRICIS.

3386 311 3592 367 ’ϐἰὶί

340 430 627 487 universas
676 429 903 485 virtutes
954 424 1119 482 animi
1182 423 1467 478 festinabat
1522 420 1770 489 implere.
1827 418 1919 472 Vir
1950 424 2116 478 Aaut
2146 416 2197 469 in
2228 429 2387 482 quam
2430 413 2637 466 foveam
2687 413 3056 482 memetipsam
3106 414 3470 482 praecipitem!
3500 413 3600 471 Ubi

343 536 576 590 namque
607 520 976 575 sanctissimus
1006 517 1336 570 incessanter
1363 526 1457 580 pro
1484 525 1549 564 ea
1592 525 1713 563 cum
1747 510 1923 579 lacty—

346 615 450 669 tnis
483 614 762 668 Dominum
792 607 1203 677 deprecabatur,
1236 619 1302 658 ne
1334 616 1483 656 mens
1507 616 1623 669 ejus
1655 614 1784 653 cura
1820 612 1925 651 ter-

343 724 598 766 renorttm
650 716 861 762 actuum
896 702 1282 768 implicaretur,
1324 714 1388 750 eo
1428 694 1571 763 quod
1620 694 1737 761 ejus
1778 701 1927 760 pater

343 801 582 855 moriens
602 797 836 851 inﬁnitas
854 792 1103 859 pecunias
1124 789 1171 842 ci
1197 787 1495 856 reliquisset
1522 802 1537 837 :
1562 798 1693 853 quas
1716 790 1927 835 mortuo

343 904 621 960 germano,
654 896 707 940 et
736 886 839 938 lilia
870 884 988 952 ejus
1040 881 1104 933 ad
1156 893 1215 933 se
1244 878 1605 945 confugiente,
1643 874 1926 929 confestim

348 980 580 1036 famulus
621 976 815 1030 Christi
845 972 1090 1027 distribui
1117 970 1280 1039 jussit
1324 968 1505 1038 egenis
1544 975 1704 1033 atque
1731 962 1929 1029 orpha-

350 1073 455 1126 nis.
491 1071 613 1124 llmc
638 1081 849 1135 quoque
873 1050 1118 1133 patruum
1143 1075 1297 1113 suum
1331 1058 1649 1127 precabatur
1671 1051 1928 1120 quotidie,

349 1175 405 1218 ut
434 1177 530 1231 pro
561 1176 619 1214 se
646 1158 926 1211 Dominum
953 1162 1149 1215 oraret,
1175 1160 1435 1220 quatenus
1460 1162 1490 1200 a
1517 1144 1929 1215 cogitationibus

349 1255 599 1329 pessimis
623 1263 678 1306 et
702 1250 1041 1305 diversorum
1070 1246 1378 1310 laqueorum
1408 1239 1606 1293 diaboli
1630 1236 1931 1303 eriperetur

349 1323 578 1402 insidiis.
609 1341 931 1395 Constanter
958 1335 1120 1403 igitur
1143 1331 1366 1386 instituti
1411 1329 1493 1381 sui
1523 1325 1757 1394 regulam
1787 1323 1931 1377 obti-

352 1434 537 1496 nebZtt.
570 1434 881 1491 Exsultabat
910 1440 1086 1483 autem
1123 1437 1343 1495 patruus
1366 1423 1507 1491 ejus,
1538 1422 1679 1484 quod
1711 1420 1787 1471 sic
1815 1431 1931 1471 eam

350 1543 652 1608 promptam
684 1530 801 1582 sine
829 1525 935 1578 ulla
966 1519 1296 1575 haesitatione
1340 1517 1392 1568 in
1420 1514 1624 1567 cunctis
1650 1510 1935 1564 virtutibus

350 1600 602 1682 cerne—ret
628 1615 957 1690 promoveri,
991 1614 1043 1666 in
1075 1607 1327 1680 lactymis
1357 1605 1577 1667 scilicet,
1625 1603 1676 1656 in
1717 1600 1934 1654 humili-

353 1727 487 1783 tate,
523 1718 575 1770 in
607 1716 892 1779 modestta,
948 1712 998 1765 in
1029 1713 1242 1780 quiete;
1272 1714 1326 1761 et
1367 1702 1511 1773 quod
1544 1702 1627 1755 ltis
1654 1697 1934 1754 sublimius

2028 518 2112 563 est
2141 507 2500 576 magisterium
2532 504 2853 558 sanctissimi
2896 506 3070 573 patrui
3105 507 3248 559 mei?
3282 508 3377 560 L'bi
3401 508 3600 561 monita

2026 599 2250 668 collega:
2275 598 2392 668 ejus
2426 598 2708 664 Epltrtem?
2741 599 2827 667 qui
2855 612 2940 651 me
2971 597 3232 651 docebant
3260 596 3312 650 in
3348 612 3465 651 mea
3496 597 3604 650 vir-

2030 687 2254 759 ginitate
2286 690 2597 757 perdurare,
2636 688 2983 742 exhortantes
3010 694 3068 740 ut
3116 686 3446 754 impollutam
3493 687 3606 738 atti-

2031 795 2169 832 mam
2196 780 2481 833 immortali
2532 794 2731 846 sponso
2758 792 3052 831 servarem.
3116 776 3356 844 Sponsus
3405 776 3603 831 etenim

2034 883 2174 935 tuus,
2204 870 2474 934 dicebant,
2519 879 2737 923 sanctus
2758 878 2813 923 et
2840 870 3023 923 celans
3051 877 3153 922 est.
3186 868 3297 921 lleu
3329 868 3448 921 me‘.
3482 867 3607 934 quid

2031 962 2224 1029 again?
2271 960 2387 1014 Non
2433 963 2606 1013 audeo
2631 961 2739 1027 jam
2768 962 2967 1013 crelum
2999 960 3266 1028 aspicere,
3298 973 3418 1011 cum
3469 955 3609 1022 apud

2037 1053 2201 1107 Deum
2230 1060 2286 1106 et
2315 1051 2559 1106 homines
2588 1066 2674 1104 me
2704 1059 2965 1104 mortuam
2984 1064 3102 1103 esse
3120 1062 3458 1118 cognoscam.
3488 1045 3608 1100 Jam

2034 1145 2179 1198 enim
2210 1143 2276 1196 ad
2308 1143 2597 1197 fcttestrum
2641 1141 2786 1196 illam
2834 1140 3191 1210 propinquare
3240 1154 3346 1192 non
3376 1136 3606 1191 audebo.

2035 1236 2314 1302 Quomodo
2330 1252 2430 1305 ego
2456 1235 2724 1305 peccatrix
2746 1245 2796 1287 et
2820 1234 2979 1302 plena
2997 1232 3251 1286 immundi
3263 1231 3349 1284 tite
3363 1229 3611 1283 sordibus

2035 1344 2246 1385 rurstttn
2267 1343 2389 1383 cum
2420 1336 2604 1380 sancto
2633 1336 2823 1394 patruo
2853 1340 2976 1401 meo
2998 1324 3138 1393 loqui
3170 1321 3428 1376 tentabo?
3460 1320 3611 1386 Quod

2035 1420 2162 1474 etsi
2195 1434 2326 1473 ausa
2374 1420 2545 1483 fuero,
2597 1432 2774 1471 nonne
2801 1416 2935 1485 ignis
2983 1430 3047 1469 ex
3099 1416 3327 1468 fenestra
3373 1411 3609 1474 exsiliet,

2036 1512 2123 1577 qui
2153 1526 2238 1565 me
2264 1510 2543 1565 confestim
2577 1508 2802 1563 exuret?
2835 1508 3018 1563 Melius
3044 1516 3128 1560 est
3150 1520 3284 1573 ergo
3308 1504 3434 1556 mihi
3464 1503 3614 1557 abire

2036 1599 2091 1653 in
2117 1600 2275 1652 aliam
2308 1597 2557 1668 patriam,
2587 1596 2677 1650 ubi
2709 1596 2887 1650 nullus
2916 1604 3000 1649 est
3026 1594 3114 1662 qui
3147 1608 3232 1646 me
3260 1593 3424 1660 possit
3452 1605 3615 1658 agno-

2037 1704 2220 1755 scere,
2251 1704 2315 1744 eo
2346 1688 2487 1758 quod
2531 1687 2698 1741 semel
2736 1684 2847 1754 jam
2896 1695 3105 1737 mortua
3154 1680 3278 1747 sim,
3332 1695 3431 1734 nec
3478 1681 3615 1735 ultra

351 1771 631 1875 est,'erga
662 1804 829 1859 Deum
873 1771 1069 1855 eximia
1114 1771 1398 1854 charitate.
1426 1790 1622 1862 Viginti
1668 1788 1930 1858 siquidem
1967 1784 2011 1843 Β
2040 1780 2171 1834 mihi
2222 1795 2345 1849 spes
2399 1778 2587 1833 salutis
2642 1774 2827 1829 relicta
2873 1775 2962 1827 sit.
3010 1771 3352 1840 Consurgens
3396 1781 3612 1833 autem,

353 1898 508 1951 annis
530 1912 650 1950 cum
683 1910 748 1950 eo
770 1893 821 1947 itt
853 1891 1175 1945 abstinentia
1202 1889 1419 1957 degens,
1447 1884 1592 1938 velut
1619 1894 1755 1950 agna
1784 1878 1939 1947 pndi-

354 1989 571 2043 cissima
600 1995 759 2055 atque
789 1982 1204 2038 incontaminata
1248 1975 1495 2033 columba
1536 1972 1793 2026 convixit.
1823 1971 1938 2035 Quo

361 2088 602 2145 tempore
649 2090 908 2129 annorum
956 2072 1191 2141 expleto,
1233 2067 1487 2122 saeviebat
1515 2065 1776 2118 adversus
1819 2074 1938 2114 eam

366 2170 632 2233 diabolus,
674 2178 728 2221 et
760 2166 978 2221 insidias
1017 2163 1209 2218 solitas
1250 2159 1638 2229 praetendebat,
1669 2160 1940 2225 quomodo

357 2275 481 2314 cant
534 2267 715 2328 posset
760 2259 873 2311 suis
921 2253 1165 2309 cassibus
1224 2251 1457 2313 irretire,
1525 2255 1585 2301 ut.
1631 2245 1821 2300 saltem
1864 2244 1942 2298 sic

360 2350 672 2404 maestitiam
700 2345 1225 2412 soliicitudinemque
1248 2342 1401 2396 beato
1429 2338 1543 2393 viro
1579 2345 1761 2406 posset
1790 2337 1939 2390 incu-

357 2451 497 2507 tere,
528 2447 586 2494 et
614 2438 1139 2508 quantulumcunque
1166 2442 1400 2489 mentem
1434 2431 1601 2500 ipsius
1643 2444 1673 2481 a
1716 2428 1943 2482 Domino

357 2546 630 2602 separare.

431 2624 561 2676 Cu».
597 2619 685 2674 lll.
716 2647 789 2661 ——
813 2618 941 2673 Erat
968 2628 1144 2672 autem
1193 2614 1409 2686 quidam
1454 2612 1784 2682 professione
1815 2618 1938 2663 tan-

357 2714 640 2770 tummodo
671 2709 1001 2776 monacbus,
1035 2707 1125 2778 qui
1178 2706 1277 2760 sub
1307 2706 1526 2759 obtentu
1575 2698 1944 2755 rcdilicationis

360 2808 426 2864 ad
445 2824 566 2862 eum
589 2808 783 2875 saepius
809 2819 1029 2874 pergere
1065 2803 1289 2858 solebat.
1320 2800 1426 2856 Sed
1468 2810 1521 2854 et
1560 2798 1702 2852 illam
1732 2797 1942 2852 beatam

362 2913 457 2970 per
474 2898 757 2952 fenestram
780 2894 1125 2949 nihilominus
1139 2889 1573 2960 contemplanda,
1592 2888 1830 2942 luxuria:
1848 2888 1943 2939 sti-

366 2990 518 3045 muiis
537 2989 789 3057 ag'tatus,
817 3001 937 3040 cum
961 3000 1025 3040 ea
1052 2982 1284 3050 colloqui
1308 2980 1578 3050 cupiebat,
1615 2994 1768 3033 amor
1798 2993 1945 3031 nam-

363 3098 466 3149 qtte
488 3079 720 3134 libidinis
737 3094 829 3131 cor
849 3079 965 3147 ejus
987 3077 1136 3146 quasi
1162 3075 1301 3144 ignis
1324 3072 1698 3127 succenderat.
1720 3070 1943 3125 Insidia-

2042 1872 2285 1939 protinus
2315 1867 2550 1939 perrexit
2593 1867 2646 1921 itt
2679 1867 2838 1920 aliam
2885 1864 3183 1928 civitatem,
3226 1874 3384 1930 atque
3410 1862 3467 1915 .in
3498 1876 3613 1917 sta-

2040 1964 2166 2018 bulo
2195 1963 2276 2030 (2)
2320 1976 2381 2017 se
2421 1959 2691 2030 quodam,
2729 1966 2932 2014 mutato
2979 1955 3206 2026 pristino
3256 1954 3475 2020 habitu,
3500 1956 3617 2012 col-

2042 2053 2258 2108 locavit.

2062 2130 2065 2133 i
2111 2144 2243 2200 Car.
2274 2144 2362 2199 IV.
2385 2172 2456 2186 -—-
2481 2144 2676 2199 Verum
2700 2157 2827 2198 cum
2856 2140 2975 2196 haec
3005 2141 3159 2195 ruina
3189 2139 3424 2210 prmfam
3457 2138 3616 2194 femi-

2042 2250 2125 2289 nte
2153 2236 2478 2304 contigisset,
2512 2233 2815 2304 hujustnodi
2839 2232 2972 2287 visio
3003 2235 3157 2286 beato
3180 2231 3291 2284 viro
3312 2230 3616 2286 ostenditur

2044 2341 2138 2397 per
2161 2342 2431 2396 soporem.
2460 2326 2608 2380 Vidit
2649 2341 2881 2393 namque
2904 2326 3190 2378 draconem
3220 2324 3511 2378 terribilem
3534 2332 3618 2377 at-

2042 2433 2146 2488 que
2173 2418 2481 2480 immanem,
2529 2425 2855 2485 aspectuque
2883 2414 2999 2483 ipso
3031 2414 3448 2480 Ptetidissimuut,
3476 2424 3534 2469 et
3561 2416 3617 2469 in

2043 2507 2353 2561 lortitudiue
2392 2507 2720 2571 sibilantem,
2773 2507 2925 2574 quasi
2968 2511 3248 2559 exeuntem
3274 2505 3344 2560 de
3385 2506 3617 2575 quodam

2043 2597 2186 2662 loco,
2217 2605 2273 2650 et
2293 2611 2466 2664 usque
2510 2598 2574 2649 ad
2600 2594 2855 2650 cellulam
2903 2607 3051 2648 suam
3100 2594 3421 2659 venientem,
3455 2605 3511 2649 et
3538 2610 3619 2648 re-

2044 2690 2246 2759 perisse
2273 2688 2346 2741 ibi
2386 2689 2686 2743 columbam
2709 2728 2724 2753 ,
2759 2696 2917 2756 atque
2940 2688 3156 2756 glutisse
3176 2702 3301 2741 eam
3317 2731 3335 2754 ,
3359 2697 3412 2741 et
3436 2702 3619 2741 rursus

2046 2784 2100 2837 in
2154 2797 2305 2836 suam
2351 2781 2553 2834 foveam
2605 2793 2898 2833 remeasse.
2946 2776 3362 2848 Expergefactns
3417 2791 3617 2845 autem,

2043 2877 2497 2943 contristatusque
2550 2872 2925 2937 vehementer,
2979 2872 3123 2928 ﬂevit
3167 2888 3383 2939 amare;
3436 2875 3624 2928 existi-

2046 2979 2199 3019 mans
2228 2967 2439 3020 Satanas
2472 2962 2898 3033 persecutionem
2926 2963 3183 3017 adversus
3209 2962 3305 3017 Dei
3331 2964 3621 3019 Ecclesiam

2047 3058 2324 3121 concitari,
2357 3065 2410 3111 et
2435 3058 2719 3125 plerosque
2741 3070 2771 3110 a
2802 3055 2907 3110 ﬁde
2934 3056 3170 3110 veritatis
3199 3056 3394 3125 averti,
3441 3055 3523 3111 vel
3556 3072 3622 3112 ne

367 3170 523 3225 batur
552 3170 601 3223 ei
627 3184 842 3239 quoque
873 3168 1039 3222 multo
1072 3164 1326 3232 temporis
1354 3162 1566 3228 spatio,
1598 3161 1668 3215 ita
1702 3171 1758 3215 ut
1788 3162 1944 3216 unius
1972 3158 2019 3219 C
2050 3154 2279 3207 εοιιίειιιεδ
2302 3152 2515 3222 aliquod
2546 3154 2596 3206 in
2621 3162 2801 3207 saneta
2840 3152 3074 3207 Ecclesia
3121 3153 3446 3222 gigneretur.
3493 3153 3623 3206 Pro-

362 3262 490 3314 anni
512 3259 741 3314 circulus
757 3258 1085 3321 volveretur,
1110 3255 1283 3310 donec
1296 3254 1670 3322 cogitationem
1690 3255 1807 3319 ejus
1829 3267 1946 3306 ver-

360 3350 553 3406 borum
608 3363 825 3403 suorum
882 3346 1107 3400 mollitie
1163 3351 1463 3398 enervaret.
1523 3342 1761 3410 Denique
1821 3355 1949 3408 ape-

364 3443 515 3496 riens
568 3440 719 3494 cellae
764 3454 873 3491 suae
942 3436 1255 3499 feuestram,
1329 3432 1606 3503 egreditur
1660 3431 1727 3485 ad
1790 3445 1945 3497 eum,

368 3533 459 3601 qui
512 3547 627 3584 eam
680 3532 917 3598 protinus
972 3528 1173 3582 scelere
1233 3524 1528 3591 iniquitatis
1596 3534 1755 3591 atque
1834 3522 1950 3575 ιιὺίο

372 3624 514 3679 diuis
586 3621 963 3676 contaminavit
1037 3632 1101 3673 ac
1177 3616 1379 3684 polluit.
1466 3614 1748 3682 Postquam
1822 3626 1951 3665 vero

371 3715 505 3768 tanti
587 3713 786 3781 peccati
853 3710 1061 3764 facinus
1146 3707 1511 3778 perpetravit,
1579 3703 1791 3770 expavit
1858 3716 1952 3755 cor

369 3808 526 3877 eius;
573 3805 1031 3870 eottscindensque
1071 3800 1304 3855 cilicium
1335 3815 1440 3866 quo
1466 3806 1582 3851 erat
1627 3796 1839 3862 induta,
1870 3794 1951 3846 fa-

373 3901 507 3952 ciem
538 3910 687 3949 suam
720 3895 962 3947 mantbus
1005 3890 1339 3953 verberabat,
1372 3888 1590 3955 cupiens
1620 3884 1784 3938 nimio
1814 3899 1950 3937 ma:-

374 4002 499 4042 rore
541 4000 604 4040 se
647 3982 804 4037 morti
855 3981 1088 4035 tradere.
1138 3983 1314 4048 Atque
1364 3976 1655 4031 auxietatis
1696 3988 1951 4043 Oppressa

377 4079 635 4148 pondere,
679 4078 806 4129 dum
838 4072 1238 4128 deliberationis
1288 4080 1497 4137 portum
1544 4084 1647 4121 non
1677 4074 1946 4131 cerneret,

378 4170 604 4225 diversis
623 4167 1008 4236 cogitationum
1038 4164 1257 4217 aestibus
1287 4162 1574 4216 ﬂuetuabat
1597 4177 1612 4225 ;
1640 4159 1954 4227 plangebat-

387 4276 489 4329 que
517 4275 573 4315 se
600 4274 701 4314 non
732 4274 856 4314 esse
902 4258 1043 4326 quod
1094 4253 1288 4320 fuerat,
1336 4264 1391 4309 et
1437 4268 1556 4307 cum
1604 4254 1804 4321 ejulatu
1855 4266 1955 4305 sa:-

388 4361 503 4428 pius
534 4362 804 4428 proferens
832 4355 1003 4425 :Ego,
1028 4354 1216 4422 inquit,
1244 4352 1351 4420 jam
1382 4366 1466 4403 me
1482 4365 1546 4403 ex
1571 4351 1671 4401 boc
1690 4356 1955 4400 mortuam

385 4454 560 4506 sentio
595 4468 609 4505 :
643 4450 848 4519 perdidi
898 4449 1014 4501 dies
1060 4460 1207 4500 meos
1237 4454 1294 4498 et
1335 4443 1569 4496 laborem
1622 4439 1958 4495 abStiuentire

2048 3249 2260 3300 volutus
2292 3250 2465 3315 itaque
2493 3246 2753 3314 genibus,
2790 3256 3036 3314 precatus
3076 3255 3159 3300 est
3206 3246 3511 3312 Dominum,
3542 3246 3624 3303 di-

2050 3351 2177 3390 cens
2207 3354 2220 3391 :
2249 3337 2326 3390 Tu
2367 3340 2456 3405 qui
2489 3352 2547 3391 es
2578 3338 2834 3404 prazscius
2879 3337 3248 3392 universorum
3282 3338 3440 3403 Deus,
3471 3354 3624 3393 ama-

2053 3440 2137 3481 tor
2188 3430 2482 3494 hominum,
2535 3438 2590 3483 ιιι
2643 3428 2780 3483 nosti
2828 3428 2952 3497 quid
3006 3429 3107 3482 sibi
3156 3428 3282 3481 velit
3312 3429 3426 3482 hare
3466 3429 3621 3483 visio.

2052 3520 2280 3575 Rursum
2324 3531 2446 3589 post
2471 3520 2608 3575 duos
2633 3521 2770 3585 dies,
2798 3520 2929 3574 vidit
2955 3520 3201 3574 eumdem
3229 3521 3519 3575 draconem
3547 3522 3623 3575 si-

2052 3613 2163 3666 tttili
2195 3612 2355 3665 modo
2391 3612 2456 3665 ad
2486 3613 2673 3666 cellam
2706 3627 2857 3666 suam
2887 3613 3116 3676 venisse,
3163 3621 3217 3666 et
3245 3598 3486 3680 posuisse
3531 3628 3624 3667 ca-

2052 3716 2147 3775 put
2172 3706 2272 3759 sub
2296 3706 2519 3772 pedibus
2543 3704 2681 3774 t-jus,
2711 3703 2981 3774 fuisseque
3001 3705 3302 3773 diruptum;
3324 3704 3623 3759 columbam

2054 3811 2181 3852 vero
2207 3797 2370 3866 370
2392 3797 2537 3850 illam
2569 3810 2723 3864 quam
2756 3795 3125 3863 devoraverat,
3161 3795 3332 3849 vivant
3361 3796 3411 3849 in
3442 3804 3626 3850 ventre

2052 3892 2171 3959 ejus
2193 3901 2457 3958 repertam
2486 3906 2500 3955 ;
2532 3899 2585 3943 et
2624 3889 2928 3943 extendisse
2974 3903 3186 3941 manum
3215 3901 3386 3953 suam,
3416 3886 3622 3940 vivam-

2055 3996 2158 4050 que
2187 3995 2301 4034 eam
2353 3980 2642 4048 recepisse.
2689 3976 3106 4048 Expergefactus
3147 3985 3348 4038 autem,
3404 3976 3630 4030 vocabat

2056 4071 2268 4125 beatam
2299 4068 2442 4122 illam
2471 4068 2635 4122 semel
2662 4074 2822 4136 atque
2842 4066 3055 4130 iterum,
3085 4075 3277 4135 putans
3298 4081 3416 4120 eam
3446 4065 3502 4119 in
3523 4066 3632 4121 cel-

2058 4160 2162 4214 lula
2202 4174 2344 4221 esse,
2392 4168 2443 4212 et
2473 4156 2685 4211 dicebat
2714 4173 2727 4209 :
2757 4154 2864 4210 Cur
2895 4165 2946 4210 te
2974 4156 3159 4225 piguit,
3205 4156 3313 4210 ﬁlia
3344 4156 3524 4220 Maria,
3554 4154 3633 4209 sic

2058 4252 2259 4305 etenim
2301 4249 2400 4302 fuit
2424 4249 2675 4313 vocitata,
2700 4247 2811 4316 jam
2858 4247 3068 4302 duobus
3092 4248 3281 4301 diebus
3309 4263 3372 4302 os
3402 4257 3548 4301 tuum
3578 4249 3632 4301 itt

2062 4344 2157 4398 Dei
2187 4342 2433 4397 laudibus
2454 4341 2695 4408 aperire?
2725 4339 2831 4396 Sed
2862 4354 2983 4394 cum
3011 4353 3324 4408 responsum
3352 4338 3402 4393 ei
3427 4338 3632 4392 nullttm

2060 4435 2297 4498 daretur,
2341 4443 2399 4488 et
2427 4432 2570 4501 quod
2614 4446 2733 4500 eam
2763 4446 2860 4499 per
2890 4430 3105 4484 biduum
3134 4430 3445 4498 psallentem
3475 4431 3636 4484 solito

383 4557 544 4604 mem.
583 4544 883 4595 otatiottutu
933 4539 1208 4607 lact-ymae,
1253 4535 1657 4605 vigiliarumque
1694 4546 1856 4599 Opera
1895 4528 1963 4582 ad
1996 4527 2044 4587 ι)
2070 4541 2220 4580 more
2264 4541 2369 4578 non
2397 4523 2635 4587 audiret,
2680 4520 3055 4576 animadvertit
3082 4520 3342 4574 visionem
3374 4534 3524 4574 suam
3567 4520 3633 4573 ad

384 4634 614 4687 nihilum
638 4641 759 4686 sunt
792 4629 1057 4693 deducta;
1093 4627 1257 4682 Deum
1303 4638 1480 4678 meum
1523 4620 1865 4685 exacerbavi,
1906 4627 1962 4672 et

390 4725 648 4792 meipsam
707 4723 970 4776 interemi.
1029 4721 1140 4774 Heu
1197 4734 1284 4772 me
1339 4716 1626 4769 miseram!
1682 4712 1828 4765 omni
1881 4710 1961 4763 la-

393 4829 699 4885 cryntarurn
754 4816 897 4867 [ante
954 4809 1341 4881 plttngendaml
1398 4810 1652 4863 Sanctum
1712 4812 1957 4873 patruum

396 4922 575 4962 meum
628 4906 965 4959 amarissimo
1012 4918 1243 4958 maerore
1284 4899 1563 4970 depressi,
1618 4896 1962 4965 opprobrium

393 4999 589 5053 anima:
620 5011 752 5051 mea:
779 4998 988 5063 operuit
1018 5008 1103 5048 me
1125 5032 1141 5056 ,
1174 4994 1350 5046 illusio
1394 4990 1589 5045 diaboli
1641 4988 1776 5041 laeta
1819 5002 1960 5039 sum.

393 5089 530 5155 Quid
580 5086 709 5140 milti
741 5085 937 5139 infelici
983 5085 1089 5152 jam
1139 5084 1273 5135 ultra
1303 5080 1518 5133 vivere?
1548 5078 1661 5131 Heu
1690 5076 1803 5129 me!
1837 5074 1962 5144 quid

393 5178 524 5248 egi?
557 5177 667 5232 lleu
696 5175 817 5229 me!
849 5173 970 5241 quid
1020 5172 1212 5225 factum
1242 5182 1324 5224 est
1351 5167 1517 5221 mihi?
1550 5167 1663 5221 lleu
1690 5167 1807 5219 me!
1839 5164 1965 5233 quid

400 5272 526 5325 ntali
559 5282 809 5338 perpessa
841 5263 999 5318 sum?
1041 5263 1155 5315 lleu
1185 5263 1304 5315 me!
1333 5260 1470 5313 unde
1498 5269 1550 5312 et
1580 5259 1804 5327 qualiter
1848 5271 1969 5310 cor-

401 5361 524 5416 ruit
549 5358 826 5425 Quomodo
862 5353 1140 5408 obscurata
1172 5360 1253 5404 est
1295 5364 1443 5404 tuens
1471 5348 1627 5403 mea?
1654 5347 1770 5401 Non
1812 5347 1969 5400 intel-

400 5453 505 5508 lexi
581 5447 848 5518 quomodo
924 5444 1068 5510 lapsa
1138 5456 1292 5504 sum,
1368 5455 1474 5493 non
1543 5438 1765 5506 cognovi
1832 5451 1969 5506 quo-

402 5542 564 5596 modo
630 5536 984 5593 contaminata
1057 5548 1208 5595 sum,
1289 5531 1467 5586 nescio
1530 5529 1799 5599 quomodo
1875 5543 1971 5580 cur

400 5645 578 5684 meum
608 5627 776 5684 nubes
798 5624 1077 5680 tenebrosa
1099 5623 1353 5687 contexit,
1378 5620 1645 5689 quomodo
1673 5621 1814 5686 potui
1835 5618 1975 5686 igno-

402 5736 525 5779 rare
541 5721 662 5792 quid
689 5717 967 5790 gererem?
998 5716 1094 5771 Ubi
1124 5717 1456 5771 absconilar?
1487 5716 1564 5770 vel
1595 5728 1700 5785 quo
1720 5726 1935 5782 pergam
1956 5751 1970 5775 ,

2066 4616 2209 4670 illam
2240 4615 2544 4669 certissime
2587 4614 2876 4682 pertinere.
2903 4611 3055 4666 Tunc
3082 4609 3339 4679 ingemuit
3386 4626 3449 4664 ac
3492 4610 3637 4664 llet'it

2066 4721 2282 4771 amare;
2313 4715 2368 4759 et
2394 4704 2724 4775 profundens
2753 4704 3041 4774 lacrymas,
3070 4703 3147 4757 ait
3175 4719 3188 4755 :
3217 4703 3333 4757 Heu
3363 4703 3478 4756 me!
3513 4701 3634 4771 quia

2067 4815 2255 4869 agnam
2288 4814 2457 4851 meatu
2490 4798 2645 4865 lupus
2660 4797 3059 4851 crudelissimus
3087 4799 3281 4864 rapuit,
3304 4805 3358 4850 et
3386 4796 3495 4849 lilia
3520 4811 3637 4849 mea

2066 4891 2276 4959 captiva
2321 4887 2508 4943 effecta
2558 4901 2660 4942 est.
2692 4888 2948 4943 Exaltans
2977 4901 3189 4955 quoque
3233 4901 3416 4940 vocem
3461 4901 3635 4950 suam,

2069 4999 2193 5037 cum
2238 4983 2491 5052 lacrytnis
2521 4982 2657 5035 dixit
2685 4998 2700 5034 :
2728 4981 2971 5036 Salvator
3012 4980 3195 5033 mundi
3227 4978 3458 5045 Christe,
3509 4994 3639 5034 con--

2075 5082 2224 5126 verte
2252 5072 2319 5126 ad
2351 5088 2434 5125 tne
2461 5086 2681 5149 agnam.
2706 5086 2881 5124 meam
2924 5069 3162 5136 Mariam,
3192 5081 3353 5140 atque
3400 5072 3453 5125 in
3501 5074 3640 5126 ovile

2076 5163 2199 5215 vitae
2227 5177 2344 5215 eam
2377 5166 2616 5226 restitue,
2650 5173 2708 5214 ut
2739 5176 2842 5214 non
2883 5171 3130 5213 senectus
3178 5176 3295 5215 mea
3344 5177 3465 5216 cum
3499 5176 3639 5219 mm-

2075 5269 2199 5308 rore
2237 5254 2305 5307 de
2336 5256 2436 5308 Itoc
2481 5253 2679 5305 mundo
2727 5251 2961 5305 recedat.
2993 5250 3069 5306 Ne
3098 5252 3362 5321 despicias
3387 5253 3647 5322 depreca-

2079 5346 2274 5398 tionem
2302 5358 2496 5405 meam,
2532 5341 2778 5405 Domine,
2824 5340 2921 5394 sed
2968 5341 3120 5395 mitte
3150 5342 3389 5396 velocius
3416 5342 3642 5415 gratiam

2074 5444 2240 5501 tuam,
2274 5445 2329 5488 ut
2357 5433 2540 5502 cjicias
2588 5449 2709 5488 eam
2754 5433 2821 5486 de
2850 5448 2944 5487 ore
2991 5433 3239 5488 draconis
3289 5434 3638 5489 incolumem.

2075 5531 2253 5598 itaque
2297 5528 2402 5582 duo
2432 5527 2547 5581 dies
2588 5527 2677 5594 qui
2705 5528 2754 5581 ei
2785 5542 2880 5596 per
2927 5526 3183 5581 visionem
3227 5527 3445 5583 revelati
3494 5536 3646 5587 sunt,

2076 5621 2302 5675 duorutn
2333 5633 2594 5673 annorum
2624 5620 2892 5673 curriculo
2938 5620 3214 5684 finiuntur,
3259 5619 3451 5688 quibus
3479 5617 3647 5669 lubri-

2079 5724 2194 5765 cam
2229 5709 2392 5763 vitatn
2426 5710 2598 5780 neptis
2645 5708 2780 5778 ejus,
2810 5709 2961 5780 quasi
3008 5709 3061 5763 itt
3110 5717 3294 5764 ventre
3323 5703 3646 5760 atrocissitni
