4020 6244
406 283 509 339 835

1443 282 1531 338 DE
1571 283 1750 339 VITIS
1786 286 2068 344 PATRUM
2115 290 2313 349 LIBER
2357 296 2626 355 PRIMUS.

3569 304 3672 360 GSC

405 394 654 448 draconis
680 393 859 463 exegit
886 410 899 457 ;
931 393 1025 447 sed
1068 400 1283 448 sanctus
1328 392 1488 447 homo
1517 410 1612 462 per
1655 411 1816 449 omne
1847 407 1979 450 tem-
2010 406 2053 458 Λ
2087 408 2433 473 suipefactus,
2468 412 2539 461 ait
2568 428 2579 460 :
2608 408 2743 474 Quid
2772 419 2875 476 est,
2897 412 3110 467 domina
3143 414 3321 477 Maria,
3350 417 3489 483 quod
3518 420 3675 475 subi-

407 499 507 555 pus
534 484 620 538 die
645 493 910 553 noctuque
943 499 1211 553 nunquam
1250 499 1346 554 pro
1374 500 1436 540 ea
1469 485 1756 541 Dominum
1790 488 1983 555 depre-

405 578 575 633 cando
597 577 833 630 animum
865 576 1144 631 relaxavit.

473 670 602 724 Car.
635 668 702 722 γ.
729 697 800 708 -
822 668 948 722 Post
987 667 1121 721 duos
1152 682 1279 720 vero
1306 684 1506 733 annos,
1555 683 1675 723 cum
1708 670 1794 723 ubi
1840 682 1983 725 esset

405 770 460 817 et
483 760 931 831 quemadmodum
977 772 1036 811 se
1080 768 1294 827 gereret
1338 770 1720 827 comperisset,
1763 765 1985 827 rogabat

402 852 687 923 quemdam
727 853 826 904 sibi
876 850 1214 904 notissimum
1247 858 1306 903 ut
1330 865 1504 920 usque
1535 851 1603 904 ad
1640 868 1758 905 eam
1792 867 1984 920 perge-

403 953 505 1010 ret,
534 953 588 998 et
616 952 801 995 cuncta
832 950 1184 1009 cognosceret
1212 941 1517 1010 diligenter.
1548 940 1781 1010 Pergeus
1804 944 1983 1011 itaque

398 1040 494 1094 ille
520 1054 679 1107 quem
711 1039 949 1102 miserat,
1000 1044 1056 1090 et
1100 1037 1278 1091 omnia
1331 1036 1431 1089 sub
1474 1033 1725 1101 veritate,
1776 1044 1830 1089 et
1858 1037 1979 1105 quia

398 1132 565 1201 ipsam
592 1144 803 1200 quoque
835 1128 1076 1194 vidisset,
1113 1128 1443 1192 renuntiatis,
1480 1137 1699 1198 rogatus
1730 1143 1755 1179 a
1791 1138 1981 1183 sancto

400 1222 531 1285 viro,
564 1219 799 1272 habitum
838 1218 887 1272 ei
918 1218 1110 1271 detulit
1139 1217 1446 1281 militarem,
1474 1227 1529 1271 et
1559 1232 1755 1285 equum
1788 1219 1853 1271 ad
1887 1233 1976 1273 se-

401 1310 655 1365 dendum.
684 1307 836 1363 Ostio
874 1308 1053 1376 itaque
1081 1308 1346 1375 patelacto
1370 1310 1660 1376 egreditur,
1694 1308 1980 1375 statimque

396 1402 580 1457 habitu
621 1401 836 1456 militari
880 1400 1140 1466 induitur,
1192 1398 1622 1453 camelaucliium
1659 1396 1735 1467 (5)
1768 1414 1979 1467 quoque

399 1495 610 1567 longum
635 1495 793 1564 capiti
814 1508 934 1559 suo,
967 1502 1026 1548 ut
1046 1494 1214 1547 facies
1238 1493 1354 1563 ejus
1371 1493 1663 1556 velaretur,
1686 1493 1974 1561 imposuit;

396 1587 491 1641 sed
531 1595 588 1640 et
630 1585 856 1638 solidum
894 1584 1243 1637 denariorum
1299 1598 1461 1635 unum
1505 1598 1685 1636 secum
1735 1594 1975 1651 portans,

398 1675 798 1742 ascendensque
823 1689 1041 1743 equum,
1070 1673 1309 1728 concitus
1334 1675 1671 1742 properabat.
1698 1676 1972 1744 Tanquam

2095 504 2149 547 to
2178 498 2228 548 in
2255 506 2358 551 tam
2390 503 2702 569 gravissima
2733 506 2957 573 suspiria
2982 509 3308 578 prorupisti?
3338 510 3506 565 Hodie
3535 514 3674 570 duo-

2090 588 2187 639 bus
2221 590 2374 642 annis
2418 592 2501 644 hic
2535 609 2815 660 permanes
2839 638 2852 661 ,
2883 607 2951 650 et.
2971 614 3238 669 nunquam
3267 615 3334 654 ex
3365 610 3415 655 te
3442 606 3676 671 gemitus

2088 681 2165 731 vel
2214 682 2415 737 tristior
2447 701 2625 740 sermo
2669 688 2882 743 auditus
2928 699 3047 744 est:
3085 707 3229 746 nunc
3258 708 3386 747 vero
3419 696 3548 764 quid
3581 698 3676 751 tibi

2087 774 2388 840 contigerit,
2448 777 2652 829 nescio.
2703 778 2830 844 Qua:
2892 781 3165 848 respondit
3210 782 3278 836 ad
3327 785 3676 840 eumzﬂeata

2087 877 2280 925 essem,
2318 865 2359 916 si
2390 875 2517 918 ante
2560 867 2850 921 triennium
2886 869 3103 926 fuissem
3134 872 3404 927 defuncta.
3450 875 3530 928 Ad
3560 875 3676 930 haec

2086 952 2273 1006 beatus
2306 957 2507 1021 senior,
2558 973 2624 1011 ne
2653 942 3051 1027 agnosceretur,
3085 964 3245 1018 veluti
3288 980 3407 1018 cum
3435 966 3673 1034 quadam

2086 1044 2377 1096 seri-nitate
2409 1046 2482 1097 ait
2512 1047 2576 1097 ad
2622 1062 2737 1099 eam
2767 1064 2779 1099 :
2808 1049 2965 1101 Modo
2999 1065 3121 1104 cum
3154 1052 3352 1106 laetitia:
3380 1069 3478 1107 nos
3509 1057 3675 1110 inter-

2084 1146 2287 1197 sumus,
2323 1145 2375 1188 tu
2409 1147 2626 1203 peccata
2658 1146 2745 1189 tua
2789 1154 3210 1195 commemorare
3240 1143 3471 1197 venisti?
3499 1146 3542 1198 Ο
3572 1146 3672 1200 ad-

2089 1226 2334 1278 miranda
2367 1228 2666 1281 clementiae
2696 1236 2797 1282 tute
2825 1232 3170 1299 dispensatio,
3209 1234 3346 1288 Deus
3383 1236 3669 1293 altissime!

2083 1314 2315 1370 Putasne
2363 1317 2540 1385 puella
2588 1335 2692 1372 nou
2733 1319 2868 1373 dixit
2916 1324 2967 1375 in
3008 1324 3169 1378 corde
3210 1339 3343 1392 suo,
3393 1326 3669 1392 Quomodo

2082 1418 2326 1472 asiiectus
2379 1408 2474 1461 viri
2510 1410 2689 1477 hujus,
2744 1412 2916 1479 patrui
2965 1414 3067 1466 mei
3098 1425 3377 1478 aspectum
3432 1418 3667 1478 sinulat?

2082 1497 2188 1551 Sed
2212 1500 2360 1551 solus
2392 1509 2444 1551 tu
2468 1509 2677 1553 amator
2710 1500 3005 1567 hominum,
3040 1503 3202 1571 Deus,
3238 1521 3267 1559 a
3311 1521 3415 1574 quc
3445 1517 3527 1561 est
3547 1524 3666 1562 om-

2083 1590 2164 1640 nis
2196 1590 2331 1641 bona
2380 1591 2665 1655 sapientia,
2717 1592 2785 1644 ita
2815 1594 3158 1660 dispensasd,
3210 1611 3278 1650 ne
3324 1612 3446 1651 eum
3489 1610 3666 1666 posset

2082 1692 2397 1744 agnoscere,
2430 1690 2482 1731 et
2508 1677 2739 1734 fortasse
2769 1682 3088 1735 confusione
3129 1680 3337 1738 turbata
3380 1686 3658 1756 ell'ugeret.

397 1768 655 1839 quispiam
706 1768 931 1835 patriam
982 1765 1270 1834 cujuslibet
1318 1766 1405 1818 vel
1436 1767 1705 1818 civitatem
1752 1768 1971 1833 cupiens
2006 1770 2048 1827 Β
2082 1769 2188 1821 Hoc
2221 1779 2396 1821 autem
2447 1785 2551 1822 non
2582 1772 2650 1822 ob
2691 1771 2834 1825 aliud
2865 1785 2947 1826 est
2976 1775 3322 1845 credendum,
3376 1780 3477 1833 nisi
3525 1780 3650 1849 quia

396 1859 697 1929 explorare,
744 1857 984 1912 habitum
1016 1857 1310 1911 incolarum
1344 1856 1443 1909 loci
1488 1856 1653 1921 iilius,
1706 1872 1774 1911 ne
1816 1856 1975 1912 facile

396 1958 733 2020 agimscatur,
785 1948 1011 2003 assumit
1040 1964 1053 2001 :
1082 1950 1158 2001 sic
1199 1948 1391 2001 beatus
1423 1947 1522 2001 iste
1572 1947 1845 2002 Abraham
1877 1948 1975 2002 iiii-

398 2042 520 2095 tnici
569 2041 780 2107 habitu,
828 2048 885 2093 ut
926 2054 1049 2094 eum
1084 2038 1135 2092 in
1183 2038 1360 2107 fugam
1406 2047 1656 2101 verteret,
1706 2039 1971 2094 utebatur.

400 2133 585 2188 Venite
615 2133 795 2201 igitur,
829 2131 1534 2191 admiramini,dileetissimi
1568 2135 1778 2194 lratres,
1831 2131 1973 2186 hunc

394 2225 686 2282 secundum
709 2224 999 2278 Abraham.
1027 2224 1237 2277 Primus
1260 2223 1472 2290 quidem
1494 2221 1764 2276 Abraham
1792 2238 1973 2293 egres-

393 2334 484 2374 sus
513 2318 580 2372 ad
611 2317 848 2385 praelium
880 2331 1092 2385 regum,
1132 2316 1541 2391 percutiensque
1563 2331 1687 2380 eos,
1722 2318 1853 2371 Loth
1881 2332 1974 2372 ne-

395 2420 570 2478 p0tem
600 2421 755 2461 suum
786 2406 995 2461 reduxit
1024 2423 1036 2458 :
1066 2406 1153 2459 hic
1199 2421 1329 2460 vero
1373 2406 1641 2460 secundus
1703 2408 1970 2462 Abraham

393 2513 577 2559 contra
609 2501 880 2556 diabolum
910 2499 1178 2569 profectus
1204 2511 1285 2554 est
1329 2503 1395 2553 ad
1441 2499 1665 2565 bellum,
1698 2508 1755 2552 ut
1782 2516 1847 2553 eo
1876 2500 1973 2555 de-

395 2593 558 2657 victo,
581 2602 792 2660 neptem
821 2605 973 2645 suam
995 2604 1115 2643 cum
1147 2588 1334 2658 majori
1367 2588 1635 2655 triutnpho
1664 2597 1967 2643 revocaret.

466 2683 646 2753 Itaque
673 2696 795 2737 cum
823 2680 1157 2749 pervenisset
1180 2680 1247 2734 ad
1278 2682 1473 2744 locum,
1521 2678 1742 2733 divertit
1771 2682 1823 2734 iu
1856 2690 1968 2734 sta-

397 2776 617 2840 bulum;
650 2789 712 2829 ac
759 2773 1003 2829 sollicitis
1032 2772 1203 2828 oculis
1233 2772 1337 2827 huc
1379 2783 1537 2842 atque
1582 2772 1714 2826 illuc
1741 2774 1971 2827 circum-

394 2867 643 2937 spiciens,
676 2873 736 2919 ut
781 2880 901 2920 eam
933 2865 1156 2925 videret.
1202 2865 1571 2933 perquirebat.
1608 2864 1813 2919 Deinde
1846 2880 1968 2919 cum

394 2960 563 3014 multa
594 2959 719 3012 hora
752 2957 1094 3026 preterisset,
1142 2967 1199 3011 et
1225 2956 1437 3011 videndi
1470 2972 1588 3010 eam
1619 2958 1843 3011 minime
1877 2961 1971 3011 tri-

394 3052 648 3106 hueretUr
672 3048 915 3113 occasio,
966 3046 1279 3112 subridens,
1331 3047 1405 3100 ait
1451 3046 1517 3099 ad
1564 3047 1958 3103 stabularium:

2080 1859 2328 1928 lacryma:
2380 1862 2579 1915 l'amuli‘
2607 1863 2704 1925 tui,
2732 1866 2910 1932 patrui
2942 1863 3078 1933 ejus,
3112 1867 3472 1935 hujuscemodi
3515 1870 3654 1939 apud

2078 1951 2234 2021 371
2271 1962 2321 2006 te
2351 1955 2631 2007 obtinuere
2664 1956 2836 2009 locum
2862 1999 2878 2023 ,
2913 1971 2965 2010 ut
2994 1974 3058 2013 ex
3092 1961 3497 2029 impossibilibus
3527 1978 3654 2033 pos-

2077 2043 2250 2095 sibilia
2304 2043 2483 2098 facere
2528 2046 2847 2114 dignareris.
2904 2047 3188 2105 Profereus
3230 2054 3407 2122 itaque
3436 2065 3656 2109 sanctus

2082 2136 2162 2186 vir
2215 2134 2443 2189 solidum
2474 2152 2631 2205 quem
2664 2140 2933 2205 attulerat,
2969 2144 3260 2197 stabulario
3290 2145 3459 2213 dedit,
3492 2146 3657 2201 dixit-

2076 2240 2179 2292 que
2205 2227 2253 2279 ei
2286 2243 2296 2277 :
2330 2227 2432 2280 Fac
2461 2229 2636 2294 nobis,
2670 2247 2875 2297 qumso,
2907 2234 3105 2298 amice,
3139 2235 3398 2303 optimam
3424 2250 3658 2304 caenam,

2078 2325 2136 2369 ut
2167 2332 2286 2371 cu-m
2321 2321 2494 2386 puella
2526 2322 2728 2387 epulari
2770 2325 3001 2391 possim;
3028 2324 3169 2393 longi
3197 2341 3428 2395 namque
3454 2328 3664 2385 itineris

2080 2409 2391 2473 intervallo,
2416 2427 2597 2465 amore
2616 2414 2732 2480 ejus
2752 2414 2961 2470 adveni.
2982 2417 3025 2471 Ο
3041 2433 3166 2473 vera
3182 2423 3442 2490 sapientia
3464 2437 3664 2477 secun-

2076 2497 2202 2552 dum
2232 2500 2429 2554 Deum!
2462 2517 2494 2555 o
2524 2518 2648 2558 vere
2673 2502 2973 2560 intellectus
2995 2508 3275 2576 spiritalis!
3310 2528 3342 2564 ο
3364 2527 3493 2565 vere
3520 2526 3657 2580 prai-

2074 2585 2294 2642 dicanda
2340 2591 2527 2644 salutis
2554 2591 2835 2649 discretio!
2875 2596 3251 2668 quinquaginta
3292 2602 3448 2653 annis
3472 2600 3640 2655 absti—

2076 2677 2269 2733 nentia:
2326 2694 2435 2734 suae
2493 2697 2828 2752 nequaquam
2880 2702 3068 2755 panem
3119 2699 3460 2758 gustaverat;
3516 2706 3659 2748 nunc

2075 2784 2264 2825 carnes
2282 2773 2396 2826 sine
2415 2772 2774 2841 btesitatione,
2792 2787 2849 2830 ut
2868 2779 3101 2834 salvaret
3119 2782 3352 2836 animam
3372 2783 3657 2850 perditam.

2075 2866 2431 2921 manducavit.
2487 2871 2802 2925 Sanctorum
2857 2875 3161 2942 angelorum
3202 2876 3442 2941 chorus,
3491 2892 3653 2944 super

2078 2954 2178 3012 hac
2206 2956 2529 3012 discretione
2561 2960 2696 3014 beati
2735 2960 2889 3029 hujus
2937 2978 3131 3032 ovans,
3166 2964 3514 3020 vehementer
3540 2978 3657 3021 stu-

2078 3048 2207 3114 puit,
2240 3064 2357 3115 quae
2386 3050 2637 3102 alacriter
2666 3054 2782 3107 sine
2812 3055 2917 3106 ulla
2948 3055 3278 3111 dubitatione
3310 3059 3649 3113 manducavit

397 3142 613 3210 Audivi,
647 3141 837 3209 inquit,
866 3158 900 3194 ο
943 3144 1135 3205 amice,
1185 3138 1326 3208 quod
1358 3137 1525 3194 habes
1566 3138 1794 3206 puellam
1831 3138 1967 3206 epti-
1997 3134 2042 3196 C
2075 3154 2136 3191 ac
2157 3139 2308 3205 bibit,
2347 3150 2403 3193 ut
2443 3156 2673 3196 animam
2713 3145 2763 3199 in
2808 3146 2936 3201 limo
2965 3148 3191 3203 defixam
3217 3151 3580 3209 abstraheret.
3608 3154 3655 3209 0

396 3248 571 3300 mani;
601 3247 756 3301 quam
785 3232 827 3282 si
847 3231 1085 3300 juberes,
1113 3229 1464 3284 libentissime
1486 3227 1836 3297 perviderem.
1869 3231 1967 3295 Qui

394 3340 514 3381 cum
547 3323 724 3378 aetatis
754 3321 871 3393 ejus
898 3320 1199 3377 intueretur
1225 3323 1498 3384 canitiem,
1546 3329 1601 3375 et
1632 3329 1967 3376 senectutem

395 3430 659 3470 annorum
702 3414 1084 3468 numerositate
1126 3412 1236 3482 jam
1268 3410 1463 3467 fessam
1483 3453 1498 3478 ,
1541 3413 1683 3483 quod
1712 3413 1781 3467 ob
1810 3415 1967 3467 luxu-

391 3508 527 3562 riam
549 3521 666 3563 eam
692 3506 877 3561 videre
897 3514 1117 3573 cuperet
1136 3518 1241 3558 non
1270 3518 1515 3572 sperans,
1542 3503 1619 3558 sic
1648 3518 1963 3572 responsum

394 3597 739 3662 deditzEst,
786 3596 987 3666 inquit,
1036 3604 1096 3650 ut
1139 3595 1231 3649 tibi
1280 3606 1613 3664 compertum
1644 3604 1758 3661 est,
1804 3596 1965 3650 etiam

392 3704 553 3759 supra
604 3692 821 3742 modum
865 3686 1131 3755 speciosa.
1165 3687 1291 3739 Erat
1334 3686 1597 3754 siquidem
1643 3686 1804 3739 Maria
1851 3686 1967 3743 haec

394 3795 534 3850 pene
557 3795 718 3849 supra
747 3795 903 3848 quam
930 3789 1114 3831 natura
1136 3779 1334 3844 exegit,
1362 3777 1548 3831 forma:
1572 3778 1966 3845 pulchritudine

396 3872 622 3928 decora.
652 3873 895 3939 Cumque
921 3872 1103 3925 senior
1128 3884 1321 3923 nomen
1366 3871 1482 3939 ejus
1512 3870 1831 3938 requireret,
1859 3872 1964 3926 Ma-

394 3963 528 4016 riam
558 3961 735 4016 vocari
760 3962 852 4015 ille
872 3961 1165 4029 respondit.
1190 3959 1338 4013 Tunc
1361 3959 1512 4014 hilari
1538 3962 1686 4015 vultu
1710 3976 1725 4017 :
1748 3961 1958 4028 Quaeso,

391 4052 586 4120 inquit,
617 4060 674 4104 ut
700 4051 832 4104 mihi
865 4052 1200 4119 praesentiam
1229 4051 1345 4118 ejus
1375 4052 1652 4115 exhibeas,
1681 4062 1735 4106 ut
1764 4054 1962 4122 possim

393 4156 515 4195 cum
565 4155 629 4194 ea
680 4138 835 4193 hodie
874 4140 1102 4207 epulari,
1154 4140 1374 4193 multum
1420 4156 1649 4207 namque
1671 4158 1734 4197 ex
1779 4144 1962 4198 auditu

397 4231 632 4302 temperi
675 4232 845 4297 ipsam
888 4231 1095 4285 laudari
1148 4233 1402 4300 puellam.
1434 4235 1563 4301 Qua:
1604 4250 1725 4290 cum
1778 4248 1960 4293 vocata

395 4322 622 4387 adesset,
675 4332 835 4391 atque
883 4322 934 4373 iu
966 4321 1153 4376 habitu
1202 4331 1543 4380 meretricum
1592 4337 1806 4382 sanctus
1845 4345 1961 4383 eam

398 4424 617 4484 patruus
642 4412 762 4481 ejus
809 4411 1049 4478 vidisset,
1079 4427 1213 4482 pene
1257 4422 1423 4483 tottpn
1468 4430 1663 4484 corpus
1707 4417 1821 4485 ejus
1853 4434 1962 4485 prie

2075 3229 2333 3296 sapientia
2383 3234 2726 3299 sapientium,
2774 3246 2828 3290 et
2860 3237 3164 3293 intellectus
3211 3241 3652 3311 iutelligentium!

2072 3318 2116 3369 Ο
2141 3318 2392 3373 discretio
2418 3322 2867 3378 discernentinm!
2901 3326 3110 3392 Venite,
3136 3328 3470 3386 admiremini
3494 3347 3653 3401 super

2073 3408 2171 3463 hac
2192 3409 2473 3478 imperitia,
2493 3411 2689 3479 venite,
2717 3418 3057 3482 expavescite
3080 3433 3242 3486 super
3265 3420 3364 3475 hac
3387 3423 3648 3478 ditfereu-

2071 3499 2164 3563 tia,
2219 3503 2486 3568 quomodo
2517 3502 2784 3570 perfectus
2815 3505 2901 3559 hic
2942 3516 2996 3561 et
3038 3508 3253 3576 sapiens
3284 3524 3347 3564 ac
3393 3512 3653 3568 discretor

2068 3597 2122 3642 et
2148 3590 2401 3657 prudens,
2435 3590 2484 3643 id
2510 3599 2594 3645 ota
2625 3602 2679 3646 et
2725 3591 3045 3649 indiscretor
3073 3595 3294 3652 effectus
3336 3607 3446 3665 est,
3488 3610 3545 3654 ut
3570 3616 3637 3655 ex

2068 3695 2161 3733 ore
2184 3680 2351 3733 leonis
2375 3681 2604 3734 animam
2628 3682 2933 3751 absorptam
2980 3695 3213 3751 erueret,
3245 3698 3302 3742 et
3330 3703 3396 3743 ex
3426 3689 3649 3746 vinculis

2068 3779 2122 3824 et
2161 3783 2377 3825 carcere
2406 3773 2691 3826 tenebroso
2733 3775 2966 3829 animam
2995 3776 3296 3833 abstrusam
3319 3794 3381 3834 ac
3416 3782 3648 3838 vinctam

2069 3860 2389 3917 absolveret.

2136 3971 2265 4028 CAP.
2285 3972 2417 4028 Vlll.
2438 4003 2508 4013 —
2543 3974 2703 4044 Igitur
2734 3986 3012 4047 postquam
3041 3980 3237 4047 epulati
3267 3991 3412 4047 sunt,
3444 3997 3634 4053 provo-

2065 4063 2220 4120 cabat
2243 4080 2363 4119 eum
2398 4067 2566 4133 puella
2596 4070 2661 4121 ad
2690 4070 3013 4138 cubandum,
3059 4081 3119 4126 ut
3150 4074 3202 4127 iu
3234 4074 3530 4129 cubiculum
3560 4077 3645 4131 in-

2069 4156 2313 4209 troirent.
2346 4157 2415 4209 At
2446 4158 2565 4211 ille:
2607 4159 2821 4226 Eamus,
2855 4163 3045 4232 inquit.
3074 4163 3318 4234 Cumque
3354 4167 3646 4235 introisset,

2070 4246 2241 4300 cernit
2281 4246 2475 4301 lecuim
2522 4248 2574 4303 in
2607 4251 2833 4306 sublime
2868 4263 3114 4317 stratum,
3146 4254 3200 4310 in
3229 4273 3333 4327 quo
3357 4261 3535 4313 statim
3566 4277 3652 4315 re-

2066 4335 2207 4389 sedit
2248 4336 2513 4392 alacriter.
2548 4339 2825 4403 Quomodo
2858 4352 2910 4397 te
2951 4346 3241 4412 appellem,
3275 4351 3354 4400 vel
3376 4353 3647 4415 quomodo

2068 4434 2121 4481 te
2149 4430 2440 4494 nominem,
2474 4431 2855 4498 perfectisﬂuie
2880 4437 3075 4489 athleta
3107 4436 3320 4502 Christi,
3352 4438 3640 4494 vehemen-

395 4506 584 4561 dolore
610 4505 840 4558 solutum
886 4513 1004 4569 est,
1055 4506 1576 4571 amaritudinemque
1624 4509 1789 4563 animi
1838 4512 1960 4565 lteto
1988 4502 2041 4562 D
2068 4524 2149 4571 ter
2176 4518 2385 4587 ignoro.
2430 4522 2799 4578 Continentem
2845 4534 2896 4579 te
2923 4541 3180 4594 asseram,
3210 4543 3272 4582 an
3300 4528 3640 4584 incontinen-

390 4600 540 4654 vultu
589 4598 815 4662 celavit;
857 4605 912 4650 et
954 4596 1216 4667 lacrymas
1258 4609 1600 4668 erumpentes
1642 4603 1780 4654 virili
1828 4617 1958 4657 sexu

388 4688 624 4753 retinuit,
673 4701 742 4742 ne
784 4686 921 4741 forte
948 4688 991 4741 si
1022 4702 1146 4743 eum
1180 4687 1377 4743 femina
1431 4692 1789 4758 cognovisset,
1825 4693 1960 4763 fuga:

392 4778 696 4848 praesidium
724 4775 1003 4846 ﬂagitaret.

455 4871 587 4928 CAP.
613 4869 725 4927 Vll.
754 4896 824 4911 -—
845 4868 1228 4926 Residentibus
1254 4871 1434 4941 itaque
1460 4874 1540 4927 eis
1578 4884 1741 4943 atque
1771 4875 1957 4932 biben-

385 4962 548 5032 tibus,
573 4959 738 5030 ctepit
761 4974 883 5014 cum
909 4974 971 5014 ea
998 4958 1081 5013 vir
1106 4960 1366 5017 mirabilis
1402 4962 1608 5020 ludere.
1657 4966 1786 5032 Qum
1816 4981 1946 5021 con-

382 5066 609 5122 surgens
632 5091 645 5115 ,
673 5050 948 5121 complexa
979 5052 1242 5106 cervicem
1271 5050 1391 5120 ejus
1414 5093 1429 5118 ,
1460 5056 1656 5109 osculis
1681 5055 1955 5111 demulce-

385 5146 493 5198 bat.
523 5141 762 5210 Cumque
797 5141 1127 5196 oscularetur
1154 5158 1275 5198 eum
1302 5184 1319 5209 ,
1351 5146 1571 5199 odorata
1601 5148 1716 5215 ejus
1743 5165 1946 5217 corpu-

388 5230 591 5286 sculum
635 5229 952 5283 suavissimo
1000 5232 1165 5287 odore
1209 5234 1543 5289 abstinentia:
1568 5235 1838 5304 fragrare,
1870 5255 1955 5294 re-

389 5318 607 5375 cordata
633 5326 715 5372 est
762 5315 971 5371 dierum
1017 5321 1206 5389 quibus
1231 5338 1350 5377 cum
1381 5338 1588 5380 summa
1633 5328 1952 5383 abstinentia

388 5414 629 5473 vixerat;
668 5416 721 5462 et
759 5420 909 5475 quaet
956 5411 1184 5477 quodam
1231 5414 1340 5469 telo
1390 5431 1639 5483 percussa
1697 5420 1957 5474 inanimo

383 5502 733 5558 vehementer
795 5499 1077 5570 ingemuit,
1143 5500 1511 5574 lacrymasque
1566 5504 1829 5574 profudit;
1903 5520 1956 5564 et

386 5603 634 5663 tanquam
662 5594 768 5649 vim
799 5593 975 5649 cordis
995 5608 1097 5649 non
1121 5593 1402 5662 sufferens,
1419 5597 1478 5650 in
1506 5595 1620 5651 haec
1644 5600 1805 5653 verba
1834 5615 1955 5668 pro-

381 5685 560 5743 runit:
587 5685 703 5755 γω,
736 5700 814 5741 τω
858 5686 986 5742 mihi
1031 5688 1239 5742 miserae
1267 5688 1393 5742 soli!
1442 5689 1590 5744 Tunc
1634 5691 1953 5747 stabularios

2070 4610 2212 4662 tem?
2260 4613 2574 4678 sapientem,
2621 4629 2686 4666 an
2737 4614 3112 4684 insipientem?
3155 4620 3519 4688 discretorem,
3571 4636 3644 4676 an

2067 4700 2514 4758 indiscretorem?
2561 4704 2950 4777 Quinquaginta
3009 4726 3178 4767 annos
3221 4714 3648 4769 conversationis

2068 4802 2192 4861 tum,
2243 4809 2404 4861 super
2445 4798 2729 4864 psiatliium
2763 4800 2846 4869 (4)
2875 4802 3246 4871 cubitaveras;
3293 4812 3349 4860 et
3375 4808 3646 4876 quomodo

2068 4899 2209 4938 nunc
2239 4900 2405 4954 super
2434 4886 2799 4956 hujuscemodi
2830 4892 3023 4947 lectum
3046 4907 3355 4953 constanter
3373 4900 3646 4955 ascendis?

2065 4972 2170 5028 Sed
2223 4974 2338 5029 haec
2392 4979 2635 5031 universa
2694 4979 2862 5035 iecisti
2926 4982 2991 5038 ad
3046 4984 3258 5042 laudem
3311 4998 3365 5044 et
3417 4990 3640 5060 gloriam

2060 5063 2280 5130 Christi,
2314 5075 2369 5119 et
2400 5069 2734 5122 mansionum
2778 5073 2878 5125 iter
2918 5073 3284 5141 longissimum
3315 5079 3637 5147 arripiendo,

2061 5165 2114 5210 et
2145 5171 2332 5211 carnes
2364 5158 2712 5223 comedenda,
2745 5170 2798 5214 et
2842 5163 3019 5217 vinum
3068 5165 3318 5231 bibendo,
3349 5176 3407 5224 et
3449 5171 3502 5223 in
3532 5178 3646 5224 sta-

2064 5245 2243 5298 bulum
2274 5248 2604 5310 divertendo,
2636 5262 2692 5301 ut
2711 5250 2942 5306 salvares
2965 5252 3194 5309 animam
3225 5257 3508 5325 perditam.
3535 5259 3645 5315 Nos

2062 5345 2236 5388 autem
2259 5337 2301 5389 si
2330 5339 2516 5391 saltem
2549 5341 2770 5394 verbum
2800 5343 3042 5397 utilitatis
3074 5346 3216 5415 loqui
3241 5362 3362 5403 cum
3397 5351 3642 5419 proximo

2064 5428 2333 5493 volumus,
2366 5440 2556 5484 cuncta
2587 5433 2890 5500 importune
2914 5436 3283 5494 discernimus.

2132 5518 2260 5573 Car.
2295 5519 2386 5573 lx.
2413 5522 2719 5577 —Sedente
2745 5541 2809 5576 eo
2832 5526 3008 5593 itaque
3036 5543 3198 5595 super
3224 5531 3444 5599 lectum,
3478 5535 3553 5587 ait
3572 5534 3643 5589 ad

2057 5624 2178 5663 eum
2213 5610 2423 5677 puella:
2460 5611 2614 5676 Veni,
2644 5613 2877 5681 domine,
2914 5625 2968 5668 ut
2997 5617 3360 5675 ealceamenta
3390 5622 3457 5677 de
3488 5623 3640 5690 pedi-

2058 5701 2157 5755 bus
2178 5702 2281 5755 tuis
2307 5704 2563 5759 auferam.
2595 5706 2655 5757 At
2690 5706 2779 5760 ille
2807 5706 2878 5760 ait
2904 5709 2966 5763 ad
2993 5725 3107 5765 eam
3135 5729 3148 5765 :
3179 5713 3406 5782 Obsera,
3441 5714 3635 5785 inquit,
