4020 6240
364 310 461 365 637

1363 311 1519 364 VITA
1561 308 1854 364 SANCTAS
1895 302 2135 362 MARUE
2177 303 2614 362 MEItETRICIS.

3531 303 3635 358 658

363 427 558 480 ostium
614 427 920 495 diligenter,
971 436 1026 481 ct
1075 425 1352 480 abstrahes
1404 441 1486 480 ea.
1542 426 1766 479 Volebat
1817 437 1944 477 vero
1974 419 2020 478 A
2050 419 2164 483 bes,
2198 420 2438 474 veniam:
2493 419 2757 488 prmcede,
2808 426 2863 474 et
2910 433 3009 490 ego
3056 433 3255 491 sequar
3298 423 3634 479 sanctitatem

366 519 541 589 puella
574 521 743 588 primo
774 520 1098 572 discalceare
1128 533 1286 582 eum;
1318 520 1407 573 sed
1442 533 1561 571 cum
1595 517 1683 571 ille
1705 531 1808 569 non
1843 531 1945 584 pa-

367 619 592 674 teretur,
625 610 886 663 obseratis
926 609 1076 663 ostiis
1117 609 1258 663 venit
1296 609 1361 661 ad
1406 624 1549 663 eum.
1600 607 1697 660 Cui
1724 606 1941 661 senior:

365 704 616 770 Domina,
661 704 850 772 inquit,
899 701 1472 769 Maria,appropiuqua
1516 699 1664 754 mihi.
1706 697 1947 766 Cumque

365 800 860 867 appropinquas<et,
909 798 1075 851 tenuit
1114 796 1336 851 ﬁrmiter
1368 811 1581 850 manum
1613 795 1750 862 ejus,
1797 791 1945 862 quasi

365 890 456 959 qui
489 897 764 958 putaretur
797 885 1026 941 osculari
1067 902 1206 940 eam.
1241 887 1503 942 Auferens
1535 899 1746 954 qu0que
1774 899 1948 937 came-

367 981 633 1034 Iauchium
665 994 694 1032 a
721 979 897 1046 capite
918 994 1036 1043 suo,
1063 988 1118 1032 et
1145 992 1431 1048 erumpens
1455 993 1635 1032 vocent
1662 976 1712 1029 in
1743 974 1946 1041 ﬂetum,

370 1071 443 1126 ait
471 1071 534 1125 ad
575 1086 723 1125 eam:
757 1069 888 1123 Filia
919 1084 1034 1124 mea
1067 1070 1252 1136 Maria,
1282 1085 1385 1124 non
1419 1069 1815 1138 tne-agnoscis?
1846 1068 1953 1122 vis-

368 1180 490 1220 cera
523 1179 670 1229 mea,
705 1177 882 1216 nonne
909 1177 1007 1233 ego
1038 1177 1152 1215 sum
1195 1163 1282 1231 qui
1329 1171 1380 1216 te
1409 1160 1649 1215 nutrivi?
1683 1159 1808 1230 quid
1857 1159 1949 1213 tibi

373 1258 566 1308 factum
596 1266 696 1320 est,
727 1271 760 1310 ο
789 1257 894 1309 filia
925 1255 1077 1308 mea?
1105 1255 1220 1324 quis
1249 1264 1299 1308 te
1327 1253 1625 1309 interfecit?
1647 1253 1733 1306 ubi
1761 1261 1841 1306 est
1863 1251 1951 1304 ille

329 1336 333 1343 “
371 1349 582 1404 habitus
610 1349 881 1416 angelicus
923 1363 1079 1414 quem
1127 1345 1379 1408 habebas,
1425 1344 1528 1399 ﬁlia
1573 1346 1728 1398 mea?
1757 1343 1845 1396 ubi
1873 1350 1955 1396 est

367 1439 734 1494 continentia?
779 1439 864 1492 ubi
911 1438 1106 1492 ﬂetus?
1157 1437 1242 1492 tibi
1293 1437 1525 1507 vigilire?
1575 1435 1658 1487 ubi
1707 1435 1955 1488 chameu-

370 1528 472 1582 nia:
502 1528 619 1596 (Si)?
647 1534 686 1580 Α
713 1528 1030 1582 celsitudine
1056 1529 1175 1582 cudi
1210 1529 1264 1580 in
1292 1527 1426 1579 hanc.
1456 1529 1658 1580 foveam
1689 1528 1957 1593 quomodo

370 1625 612 1678 deVquta
656 1638 736 1686 es,
786 1622 888 1674 ﬁlia
931 1625 1083 1675 mea?
1129 1637 1244 1689 cur,
1287 1623 1500 1688 quando
1550 1619 1802 1688 peccasti,
1851 1633 1954 1672 non

373 1715 500 1769 mihi
530 1716 815 1769 indicasti?
849 1731 955 1768 non
988 1715 1113 1768 mibi
1148 1716 1286 1768 illico
1317 1713 1578 1766 retulisti?
1607 1721 1661 1765 et
1681 1726 1780 1780 ego
1806 1720 1953 1764 certe

2051 521 2215 576 tuam,
2260 519 2315 565 et
2353 511 2636 564 exosculor
2670 509 2887 579 vestigia
2918 519 3028 578 tua,
3072 512 3196 581 quia
3235 513 3312 568 sic
3357 527 3518 584 super
3553 530 3640 570 me

2050 603 2287 671 doluisti,
2320 616 2378 659 nt
2406 621 2469 660 ex
2509 607 2765 677 voragine
2807 606 3159 664 immunditia;
3192 608 3352 680 hujus
3381 610 3640 668 educeres

2051 712 2156 752 me.
2191 697 2256 752 Et
2284 712 2486 766 ponens
2514 705 2673 765 caput
2695 713 2851 754 suum
2884 697 2948 752 ad
2981 697 3144 768 pedes
3165 698 3304 770 ejus,
3337 708 3449 755 tota
3477 709 3637 757 nocte

2052 790 2231 853 flebat,
2262 790 2478 844 dicens:
2525 789 2665 856 Quid
2711 791 2825 858 tibi,
2872 791 3122 860 Domine,
3170 793 3310 850 Deus
3350 807 3641 864 meus,pro

2053 885 2301 940 omnibus
2332 887 2414 938 bis
2448 883 2778 940 retribuam?

2123 975 2254 1032 Car.
2283 976 2427 1031 X.—
2445 975 2693 1030 Diluculo
2720 985 2896 1031 autem
2927 975 3090 1044 facto,
3118 977 3193 1032 ait
3217 977 3284 1033 ad
3310 991 3427 1033 eam
3456 978 3645 1033 beatus

2054 1067 2361 1123 Abraham:
2395 1068 2588 1136 Surge,
2623 1065 2755 1132 ﬁlia,
2806 1076 2859 1123 et
2900 1082 3082 1124 eamus
3125 1067 3250 1124 hinc
3295 1070 3361 1123 ad
3393 1069 3638 1126 cellulam

2056 1170 2312 1215 nostram.
2340 1159 2470 1227 Quae
2500 1159 2852 1228 respondens,
2883 1159 3023 1214 dixit
3063 1160 3128 1214 ad
3155 1175 3305 1216 eum:
3339 1160 3525 1215 Habeo
3555 1159 3642 1215 hic

2057 1253 2323 1307 modicum
2348 1252 2485 1316 auri,
2515 1261 2571 1308 et
2595 1250 2795 1319 aliquid
2822 1252 3289 1320 vestimentorum,
3318 1252 3444 1323 quid
3467 1251 3536 1308 de
3557 1252 3641 1306 his

2046 1342 2208 1416 jubes
2242 1341 2394 1397 ﬁeri?
2431 1343 2779 1412 Respondeas
2805 1352 2984 1396 autem
3019 1343 3203 1398 beatus
3233 1341 3526 1410 Abraham,
3559 1341 3642 1396 di-

2044 1416 2164 1488 'xit:
2197 1433 2458 1502 Relinque
2487 1433 2572 1487 hic
2609 1433 2787 1485 omnia
2818 1432 2954 1497 haec,
2993 1448 3112 1501 quae
3153 1447 3216 1488 ex
3249 1439 3399 1500 parte
3427 1432 3641 1502 maligni

2057 1525 2278 1591 quaesita
2311 1534 2453 1576 sunt.
2493 1524 2556 1577 Et
2586 1530 2866 1590 surgentes
2906 1522 3174 1577 exierunt.
3209 1523 3512 1592 Statimque
3541 1523 3643 1577 int-

2062 1629 2262 1682 ponens
2277 1611 2580 1680 eam‘super
2596 1627 2812 1682 equum,
2838 1611 3082 1665 trahebat
3101 1611 3410 1680 przecedens
3422 1652 3435 1674 .
3459 1627 3647 1682 quem-

2057 1705 2342 1760 admodum
2377 1715 2557 1770 pastor
2586 1720 2704 1759 cum
2752 1704 2954 1758 invenit
3007 1717 3166 1757 ovem
3208 1703 3493 1773 perditam,
3521 1718 3644 1758 cum

373 1821 470 1875 pro
517 1817 566 1860 te
615 1807 981 1875 paenitentiam
1034 1821 1243 1874 agerem
1288 1820 1406 1858 cum
1446 1803 1793 1856 dilectissimo
1835 1819 1952 1854 tneo
1988 1791 2032 1848 Β
2059 1799 2249 1868 gaudio
2271 1813 2430 1864 super
2463 1798 2712 1851 humeros
2734 1810 2860 1850 suos
2886 1794 3024 1849 tollit
3054 1794 3205 1864 (Luc.
3241 1794 3493 1861 xm);ita
3514 1793 3644 1849 bea-

376 1899 646 1966 Ephraun.
687 1901 861 1965 Quare
899 1900 976 1954 sic
1015 1897 1223 1951 fecisti?
1264 1907 1353 1950 aut
1385 1913 1547 1967 quare
1590 1912 1674 1949 me
1705 1897 1772 1949 iti
1805 1896 1957 1948 dese-

375 1991 552 2056 ruisti,
592 2001 642 2044 ct
685 1994 734 2044 in
790 1993 927 2044 hanc
958 2007 1041 2045 me
1084 1991 1390 2044 maestitiam
1432 1990 1819 2057 intolerabilem
1869 1987 1958 2039 de-

378 2080 611 2136 duxisti?
633 2082 760 2148 Quis
782 2092 955 2135 autent
983 2083 1098 2136 sine
1129 2093 1343 2149 peccato
1373 2091 1475 2142 est.
1503 2081 1604 2135 nisi
1625 2081 1770 2134 solus
1800 2079 1963 2133 Deus?

379 2171 624 2240 Cumque
669 2173 784 2227 haec
822 2173 1028 2241 aliaque
1058 2174 1219 2226 multa
1253 2174 1493 2237 dixisset,
1539 2184 1786 2241 tanquam
1833 2172 1964 2240 lapis

379 2263 674 2316 immobil's
721 2266 774 2316 in
818 2265 1062 2316 manibus
1089 2266 1205 2334 ejus
1235 2263 1512 2327 remansit,
1546 2264 1735 2317 timere
1769 2263 1964 2329 pariter

376 2362 433 2404 et
479 2355 787 2406 confusione
835 2354 1098 2422 suppleta.
1165 2353 1366 2408 Rursus
1406 2365 1580 2406 autem
1627 2353 1964 2408 beatissimus

377 2442 460 2495 \ir
485 2457 605 2495 cum
634 2443 881 2512 lacrymis
908 2442 1121 2511 adjecit,
1154 2443 1370 2496 dicens:
1403 2443 1515 2497 Non
1546 2442 1777 2511 loqueris
1811 2443 1962 2505 mihi,

378 2546 414 2585 ο
443 2531 543 2584 ﬁlia
594 2549 710 2585 mea
760 2532 970 2586 Maria?
1017 2535 1130 2586 Non
1183 2533 1416 2600 loqueris
1455 2533 1609 2596 mihi,
1647 2548 1767 2600 pars
1798 2534 1966 2585 visce-

381 2637 498 2676 rum
546 2621 825 2675 meorum?
877 2638 1053 2676 nonne
1102 2632 1318 2691 propter
1378 2632 1451 2685 te,
1507 2623 1608 2675 filia
1653 2637 1810 2681 mea.
1863 2624 1966 2674 huc

380 2712 609 2767 adveni?
658 2713 830 2781 Super
874 2728 960 2768 me
999 2715 1071 2767 sit
1120 2715 1219 2768 hoc
1259 2722 1554 2780 peccatum,
1601 2726 1633 2764 ο
1664 2714 1767 2765 ﬁlia
1813 2729 1962 2777 mea;

379 2817 482 2874 ego
513 2805 563 2856 in
594 2803 682 2857 die
715 2803 899 2874 judieii
945 2820 1038 2871 pro
1081 2814 1130 2859 te
1161 2805 1377 2858 reddam
1419 2806 1678 2858 rationem
1716 2805 1961 2870 Domino,

382 2913 482 2969 ego
519 2911 615 2966 pro
645 2905 863 2966 peccato
895 2897 993 2952 boc
1032 2897 1349 2951 satisfaciam
1382 2897 1509 2951 Deo.
1551 2895 1726 2965 Usque
1755 2895 1820 2947 ad
1850 2909 1964 2948 me-

385 2990 526 3046 dium
559 2992 736 3060 itaque
765 2989 936 3045 noctis
991 2989 1356 3058 hujuscemodi
1389 2988 1565 3042 verbis
1588 2986 1964 3041 consolabatur

384 3098 522 3146 eam,
549 3092 741 3137 etcum
769 3083 1016 3150 laerymis
1041 3080 1326 3135 uberrimis
1353 3079 1694 3133 admonebat.
1725 3077 1966 3143 Cumque

2065 1901 2146 1944 tus
2189 1889 2454 1943 Abraham
2486 1889 2724 1954 gaudens
2768 1887 2821 1940 in
2863 1887 3026 1942 corde
3065 1901 3164 1941 suo
3195 1886 3298 1941 iter
3324 1900 3444 1940 cum
3479 1895 3650 1966 ‘ncpte

2064 1980 2310 2034 faciebat.
2341 1981 2580 2047 (Ianique
2608 1980 2840 2033 venisset
2868 1977 2934 2032 ad
2969 1977 3240 2047 proprium
3272 1976 3469 2044 locum,
3506 1978 3652 2032 illam-

2064 2074 2275 2142 quidem
2300 2071 2388 2126 ubi
2420 2071 2534 2140 ipse
2563 2072 2755 2138 fuerat,
2786 2070 3028 2125 interiori
3051 2069 3243 2126 cellula
3272 2069 3510 2134 reclusit,
3534 2069 3657 2138 ipse

2065 2183 2194 2222 vero
2223 2169 2276 2222 in
2307 2166 2443 2221 cella
2475 2166 2726 2221 exteriori
2761 2165 3071 2233 permansit.
3108 2165 3234 2220 Haec
3260 2165 3438 2235 itaque
3470 2165 3656 2219 induta

2066 2259 2262 2324 cilicio,
2294 2260 2346 2313 in
2375 2259 2676 2314 humilitate
2705 2257 2867 2312 animi
2899 2266 2954 2311 et
2981 2256 3160 2311 cordis
3182 2267 3342 2326 atque
3369 2256 3650 2312 oculorum

2068 2349 2276 2404 ﬂetibus
2300 2349 2647 2419 perdurabat,
2676 2347 2864 2417 vigiliis
2903 2361 3114 2416 quoque
3143 2357 3302 2414 atque
3333 2347 3651 2403 arctissimis

2068 2442 2408 2497 abstinentia:
2441 2441 2715 2494 laboribus
2741 2440 3081 2509 semetipsam
3109 2438 3420 2505 conﬁciens,
3447 2449 3502 2495 et
3530 2455 3648 2495 cum

2071 2533 2330 2585 modestia
2361 2539 2417 2585 et
2445 2531 2622 2601 quiete
2649 2530 2713 2586 ad
2745 2531 3024 2584 Dominum
3049 2529 3418 2586 indesinenter
3447 2529 3654 2600 procla-

2073 2639 2245 2686 mans,
2279 2622 2482 2677 facinus
2520 2624 2792 2692 proprium
2826 2638 2922 2692 spe
2959 2623 3260 2678 firmissima
3300 2623 3474 2678 veniae
3501 2623 3653 2693 plan-

2070 2715 2258 2786 gebat,
2311 2724 2415 2768 tam
2475 2716 2743 2784 sapienter
2786 2715 2986 2786 jugiter
3043 2715 3504 2771 obsecrationibus
3565 2732 3656 2772 va-

2069 2823 2222 2872 cans,
2269 2819 2325 2863 ut
2361 2808 2562 2872 nullus,
2605 2809 2845 2878 quamvis
2889 2810 3004 2865 sine
3032 2808 3348 2877 visceribus,
3381 2825 3486 2867 non
3511 2825 3656 2866 com-

2073 2908 2417 2970 pungeretur,
2444 2916 2564 2954 cum
2593 2913 2751 2955 voces
2771 2898 2926 2954 ﬂetus
2957 2900 3072 2970 ejus
3100 2901 3326 2956 audiret.
3359 2900 3489 2968 Quis
3515 2900 3657 2958 cnim.

2071 2993 2147 3046 sic
2179 2992 2559 3047 immisericors
2588 3001 2671 3046 est
2698 2993 2961 3055 inventus,
2998 2993 3086 3063 qui
3131 2995 3507 3050 lamentantem
3536 3009 3656 3050 eam

2072 3096 2389 3152 agnoscens,
2422 3083 2535 3150 ipse
2574 3097 2783 3152 quoque
2810 3098 2914 3136 non
2948 3081 3135 3138 ﬁeret?
3165 3085 3268 3137 Aut
3298 3083 3414 3153 quis
3445 3083 3512 3138 de
3540 3082 3661 3153 ejus

385 3189 666 3244 parumper
707 3173 948 3226 ﬁduciam
990 3173 1338 3241 percepisset,
1375 3172 1550 3224 taliter
1583 3171 1716 3222 ﬁens
1743 3172 1809 3222 ad
1841 3183 1962 3222 eum
1992 3149 2040 3211 δ
2075 3189 2198 3228 vera
2239 3175 2415 3228 cordis
2442 3177 2851 3243 compunctioue
2892 3189 2997 3228 non
3038 3175 3148 3246 egit
3171 3175 3369 3246 gratias
3418 3175 3527 3230 Deo
3557 3189 3658 3229 no-

384 3267 561 3321 locuta
591 3272 673 3320 cst
698 3282 711 3319 :
742 3266 855 3319 Non
877 3265 1028 3320 valeo
1058 3275 1130 3331 te,
1164 3266 1426 3334 inquiens,
1458 3274 1676 3333 propter
1695 3263 1964 3317 confusio-

386 3375 509 3414 nem
539 3361 715 3414 vultus
738 3359 842 3413 mei
873 3359 1168 3413 attendere.
1209 3359 1271 3412 Et
1299 3356 1567 3426 quomodo
1595 3369 1808 3424 possum
1841 3368 1964 3409 ora-

386 3455 587 3508 tionem
615 3455 722 3507 Deo
745 3453 984 3517 fundere,
1007 3452 1218 3523 quando
1239 3452 1314 3505 sic
1346 3450 1678 3504 immunditia
1703 3451 1840 3504 cmni
1871 3451 1967 3503 bu-

388 3541 473 3612 jus
504 3544 697 3612 polluta
729 3545 883 3597 sum?
913 3545 977 3597 Et
1006 3555 1218 3597 sanetus
1249 3543 1331 3596 vir
1368 3542 1432 3597 ad
1473 3557 1618 3597 eam:
1659 3543 1830 3612 Super
1859 3557 1964 3605 me,

389 3633 584 3700 inquit.
615 3635 683 3689 sit
712 3634 956 3704 iniquitas
979 3642 1088 3701 tua,
1112 3650 1144 3688 ο
1169 3635 1272 3687 ﬁlia
1305 3649 1456 3700 mea;
1480 3649 1544 3688 ex
1571 3633 1813 3687 manibus
1837 3633 1966 3687 meis

390 3737 663 3794 peccatum
723 3726 821 3779 hoc
853 3725 988 3779 Deus
1029 3725 1264 3796 requirat
1295 3743 1306 3777 :
1340 3725 1673 3778 solummodo
1706 3722 1825 3777 audi
1859 3738 1965 3789 me,

388 3825 443 3870 ct
470 3817 610 3881 veni,
643 3833 824 3871 eamus
853 3818 902 3870 in
926 3818 1098 3872 locum
1133 3825 1394 3873 nostrum.
1431 3817 1567 3871 Ecce
1593 3819 1733 3872 enim
1764 3826 1816 3870 et
1840 3817 1966 3870 cha-

388 3908 634 3962 tissimus
669 3909 911 3976 Ephraem
939 3925 1034 3980 pro
1063 3918 1116 3964 te
1147 3909 1364 3962 nimium
1396 3908 1563 3969 dolet.
1600 3909 1782 3976 tuique
1807 3923 1967 3962 causa

390 4001 572 4054 sedule
605 4001 884 4053 Dominum
923 4001 1259 4068 deprecatur.
1296 4000 1412 4054 Noli
1440 3997 1704 4062 difﬁdere,
1738 3999 1862 4064 ﬁlia,
1897 4000 1963 4053 de

391 4091 667 4146 clementia
721 4091 964 4156 Domini;
997 4093 1116 4146 licet
1143 4102 1230 4146 tua
1264 4094 1370 4146 sint
1398 4101 1612 4161 peccata
1647 4093 1788 4145 velut
1820 4108 1971 4147 mon-

396 4189 494 4244 tes,
517 4181 607 4234 sed
639 4181 777 4234 illius
807 4181 1170 4236 misericordia
1197 4197 1412 4237 omnem
1434 4180 1795 4248 supereminet
1818 4197 1968 4236 crea-

399 4277 580 4324 turam.
621 4270 774 4326 Sicnt
822 4272 1069 4342 legi-mus,
1114 4275 1341 4327 accessit
1380 4273 1574 4326 mulier
1604 4273 1873 4327 immunda
1905 4275 1970 4327 ad

395 4363 665 4427 mundum,
711 4372 900 4416 etnon
942 4378 1064 4416 eum
1113 4363 1424 4431 inquinavit,
1468 4364 1560 4418 sed
1591 4365 1658 4418 ab
1704 4381 1766 4420 eo
1798 4370 1971 4434 potius

394 4454 502 4520 ipsa
533 4455 780 4512 mundata
811 4465 928 4510 est:
976 4457 1225 4527 Iacrymis
1266 4458 1428 4526 pedes
1460 4457 1667 4512 Domini
1702 4460 1845 4522 lavit.
1877 4475 1970 4515 ca-

2071 3267 2228 3321 stro?
2255 3267 2576 3322 Poenitentia
2601 3267 2863 3337 siquidem
2905 3267 3042 3337 ejus,
3081 3267 3126 3321 si
3165 3269 3361 3322 nostris
3389 3267 3656 3337 supplica-

2072 3357 2304 3412 tionibus
2325 3367 2682 3426 comparetur,
2707 3374 2920 3414 otnnem
2945 3373 3246 3416 mensuram
3271 3359 3471 3414 doloris
3491 3373 3652 3415 exce-

2070 3449 2168 3504 dit.
2198 3448 2286 3504 Sic
2316 3449 2456 3504 enitn
2491 3449 2784 3519 impensius
2813 3449 3092 3504 Dominum
3126 3449 3443 3519 precabatur
3470 3459 3525 3506 ut
3552 3448 3652 3504 sibi

2075 3542 2440 3610 ignosceretur
2473 3542 2614 3612 quod
2643 3550 2904 3613 gesserat,
2937 3553 2996 3597 ut
3037 3543 3197 3598 etiarn
3229 3544 3458 3616 signum.
3493 3544 3536 3602 si
3569 3559 3668 3598 su»

2070 3641 2255 3699 scepta
2306 3631 2488 3687 fuisset
2510 3631 2624 3700 ejus
2671 3633 3008 3706 poenitentia,
3050 3632 3302 3688 divinitus
3345 3634 3659 3702 postularet.

2071 3727 2531 3780 Clementissimus
2560 3726 2740 3795 itaque
2777 3726 2936 3788 Deus.
2982 3725 3070 3794 qui
3096 3727 3362 3782 nemiuem
3393 3726 3503 3780 vult
3531 3742 3654 3796 per-

2073 3818 2148 3870 ire
2171 3857 2184 3879 ,
2216 3817 2308 3870 sed
2345 3830 2538 3871 omnes
2577 3817 2641 3871 ad
2691 3817 3056 3885 paenitentiam
3084 3816 3286 3872 reverti
3321 3816 3374 3888 (Ι
3405 3817 3538 3874 Tim.
3571 3816 3655 3888 tr),

2074 3907 2144 3960 ita
2173 3907 2493 3977 condignam
2528 3907 2946 3962 satisfactionem
2974 3907 3092 3976 ejus
3124 3907 3349 3976 recepit,
3383 3916 3439 3962 ut
3461 3908 3659 3964 oratio-

2074 3997 2231 4051 nibus
2253 3996 2372 4066 ejus
2399 4006 2515 4065 post
2538 3995 2751 4050 triennii
2786 3996 3168 4064 plenitudinem
3199 3996 3396 4051 sanitas
3421 3997 3661 4067 plurimis

2074 4086 2406 4142 redderetur.
2437 4086 2733 4153 Impensius
2763 4100 2990 4155 namque
3019 4085 3088 4139 ad
3134 4102 3250 4141 eam
3283 4087 3434 4142 turba
3476 4088 3661 4158 populi

2073 4180 2394 4242 conﬂuebat,
2427 4194 2546 4247 qua:
2574 4194 2668 4247 pro
2700 4180 2908 4235 illorum
2951 4180 3126 4240 salute
3159 4181 3440 4240 Dominum
3475 4180 3660 4238 effica-

2072 4275 2207 4329 citer
2231 4272 2569 4342 precabatur.

2145 4364 2274 4418 Car.
2308 4363 2400 4420 XI.
2450 4391 2520 4403 ——
2563 4363 2755 4418 Beatus
2783 4372 2961 4419 autem
2993 4363 3257 4422 Abraham
3305 4365 3444 4421 alios
3474 4363 3660 4421 decem

2075 4467 2243 4507 annos
2264 4453 2315 4507 in
2340 4452 2440 4508 hac
2461 4453 2563 4506 vita
2592 4453 2904 4523 perdurans.
2930 4462 2984 4510 et
3010 4468 3238 4510 cernens
3264 4455 3522 4523 optimam
3547 4471 3661 4525 pm-

393 4545 635 4616 piIIisque
672 4547 786 4602 suis
811 4549 1033 4603 extersit
1068 4549 1247 4621 (Lucae
1275 4548 1386 4618 vn).
1431 4550 1487 4604 Si
1531 4558 1706 4619 patest
1745 4553 1972 4608 scintilla
2003 4520 2055 4580 Π
2081 4545 2355 4600 tlitenliam
2394 4546 2534 4614 eiust,
2579 4545 2991 4614 glorificansque
3035 4546 3222 4609 Deum,
3271 4548 3666 4617 septuagesimo

393 4637 607 4704 pelagus
629 4639 982 4704 inflammare,
1007 4648 1228 4708 possunt
1250 4650 1301 4693 et
1330 4649 1546 4708 peccata
1571 4651 1658 4694 tua
1680 4641 1796 4711 ejus
1822 4659 1973 4697 mun-

396 4728 582 4783 ditiam
621 4730 927 4796 inquinare:
967 4748 1073 4786 non
1117 4743 1200 4790 est
1237 4749 1429 4787 novum
1474 4734 1666 4790 cadere
1711 4737 1761 4788 in
1807 4735 1974 4789 Iucta-

397 4819 572 4882 mine;
622 4821 715 4876 sed
781 4824 976 4876 malum
1036 4832 1118 4878 est
1163 4825 1344 4893 jacere
1420 4825 1706 4893 dejectum.
1764 4825 1972 4881 Revoca

396 4913 536 4966 unde
571 4915 836 4969 extuleras
868 4917 1053 4982 pedem
1097 4918 1334 4971 fortiter:
1377 4929 1426 4972 te
1470 4920 1693 4973 cadente
1725 4919 1841 4972 risit
1873 4920 1966 4973 ini-

395 5004 585 5067 micus,
624 5003 718 5056 sed
767 5002 1039 5058 fortiorem
1080 5014 1133 5058 te
1174 5007 1370 5060 sentiat
1401 5017 1783 5077 resurgentem.
1819 5008 1975 5063 Misc-

394 5103 534 5152 rere,
589 5104 794 5157 qumso,
847 5091 1136 5144 senectutis
1180 5107 1348 5156 mete;
1399 5094 1580 5148 doleas
1627 5109 1724 5163 pro
1762 5097 1975 5151 canitiei

395 5196 527 5236 mea:
553 5183 755 5246 labore,
780 5183 1027 5247 obsecro,
1055 5192 1110 5237 et
1140 5199 1448 5255 exsurgens,
1485 5187 1600 5240 veni
1629 5187 1695 5240 ad
1726 5188 1970 5242 cellulam

396 5287 622 5326 tnecum.
662 5273 775 5327 Noli
807 5274 1030 5337 timere;
1066 5275 1322 5328 lubricum
1352 5277 1491 5331 enim
1522 5288 1604 5332 est
1630 5294 1799 5347 genus
1829 5295 1971 5335 mor-

397 5365 614 5420 talium:
646 5366 740 5420 sed
773 5367 910 5420 sicut
931 5367 1086 5421 citius
1112 5369 1274 5430 cadit,
1310 5368 1384 5421 sic
1407 5369 1595 5424 iterum
1621 5372 1860 5426 velocius
1881 5387 1975 5441 per

399 5454 490 5507 Dei
529 5458 846 5524 adjutorium
878 5461 1064 5528 surgit,
1095 5461 1184 5529 qui
1230 5470 1508 5528 peccantes
1539 5478 1643 5516 non
1674 5464 1789 5516 vult
1816 5465 1970 5528 mori,

399 5551 488 5602 scd
521 5552 693 5604 sanari
717 5561 771 5604 et
801 5553 978 5606 vivere
1005 5551 1219 5621 (Ezech.
1252 5551 1424 5622 xvtu).
1453 5553 1541 5608 Illa
1571 5572 1694 5608 vero
1719 5556 1878 5626 372
1900 5557 1974 5609 ait

399 5641 462 5693 ad
495 5657 644 5698 eum;
700 5642 754 5696 Si
799 5643 904 5697 scis
952 5643 1072 5711 quia
1125 5644 1487 5711 paenitentiam
1540 5661 1695 5714 agere
1732 5662 1971 5713 possunt,

401 5743 453 5785 et
480 5732 892 5791 satisfactionem
938 5749 1110 5791 meam
1142 5738 1392 5809 suscipiat
1437 5737 1596 5800 Deus.
1630 5753 1755 5796 ecce
1797 5750 1853 5794 ut
1895 5739 1972 5800 itt-

2079 4637 2200 4690 vitae
2244 4651 2356 4690 suae
2399 4650 2541 4691 anno
2574 4636 2778 4707 quievit
2806 4638 2856 4692 in
2893 4651 3044 4708 pace.
3077 4637 3469 4708 Quinquaginta
3499 4639 3665 4711 siqui-

2077 4727 2200 4786 dem
2231 4742 2401 4782 annos
2443 4741 2632 4796 magna
2679 4741 2801 4781 cum
2853 4727 3138 4782 devotione
3166 4737 3326 4798 atque
3367 4728 3664 4784 humilitate

2079 4819 2255 4876 cordis
2271 4827 2321 4872 et
2336 4818 2599 4874 cbaritate
2615 4831 2718 4872 non
2738 4817 2882 4881 ﬁcta,
2909 4818 3207 4876 institutum
3233 4833 3388 4874 suum
3403 4819 3660 4887 implevit.

2148 4911 2276 4965 Car.
2310 4909 2425 4963 XII.
2459 4936 2529 4951 -
2556 4908 2844 4964 Personam
2875 4909 3106 4965 hominis
3131 4924 3402 4979 nunquam
3431 4910 3658 4979 accepit,

2077 5005 2215 5057 sicut
2242 5002 2380 5070 apud
2411 5003 2667 5074 plurimos
2694 5002 2807 5057 ﬁeri
2841 5001 3138 5066 consuevit,
3164 5009 3224 5056 ut
3253 5017 3412 5058 unum
3443 5001 3657 5073 quidem

2078 5111 2260 5150 amore
2291 5095 2596 5162 praeferant,
2619 5095 2783 5149 alium
2806 5109 2935 5149 vero
2950 5094 3268 5163 despiciant,
3296 5111 3468 5164 neque
3497 5112 3659 5167 regu-

2079 5189 2184 5242 lam
2210 5188 2546 5242 abstinentite
2573 5202 2684 5240 sure
2715 5187 2954 5250 mutavit,
2988 5201 3094 5241 non
3123 5187 3330 5256 pigritia
3362 5189 3658 5257 obtorpuit,

2080 5297 2182 5334 non
2211 5280 2444 5349 segniter
2463 5279 2592 5348 egit,
2624 5279 2715 5334 sed
2748 5279 2821 5334 ita
2842 5294 3055 5348 semper
3077 5281 3282 5336 exstitit
3304 5281 3454 5352 quasi
3483 5283 3660 5351 quoti-

2079 5371 2163 5424 die
2187 5371 2492 5425 moriturus.
2524 5367 2618 5422 Hic
2639 5366 2735 5422 fuit
2757 5368 2945 5424 modus
2971 5369 3260 5426 beatissimi
3287 5371 3580 5438 Abraham,
3604 5384 3660 5428 et

2081 5466 2194 5518 lia-c
2243 5461 2579 5520 conversatio
2622 5470 2676 5516 et
2716 5462 3008 5518 certamina
3051 5464 3349 5522 tolerantiae
3395 5465 3532 5536 ejus.
3579 5467 3656 5521 Ita

2077 5557 2218 5610 enim
2247 5559 2298 5608 in
2330 5554 2638 5609 certaminis
2666 5553 2780 5609 acie
2800 5563 2986 5610 contra
3011 5555 3374 5612 adversarium
3406 5557 3574 5622 stetit,
3600 5565 3658 5611 ut

2078 5661 2407 5716 nequaquam
2439 5659 2499 5700 se
2535 5653 2656 5715 post
2689 5653 2893 5715 tergum
2939 5656 3306 5713 converteret;
3354 5645 3448 5702 sed
3482 5660 3656 5714 neque

2078 5741 2128 5794 in
2158 5736 2586 5795 tribulationibus
2615 5751 2746 5807 quas
2777 5739 2831 5796 in
2869 5736 2985 5794 vico
3010 5751 3296 5808 perpessus
3323 5742 3427 5804 cst,
3475 5748 3650 5803 neque
