4020 6276
1396 440 1951 450 -υτυν-ω--Ψυγ

383 427 1629 462 mm:

1892 420 3640 450 ,τε-Μ

1766 560 2065 601 OCTOBRIS
2116 560 2247 602 VIII.

742 708 1214 855 VITA
1310 704 2152 853 SANCTPE.
2237 698 3155 845 THAISISm
3222 800 3272 863 ..

1648 940 2213 1011 MEBETBIC
2228 940 2257 1007 I
2272 938 2323 1009 S
2345 985 2372 1023 ,

1427 1105 1993 1191 AUCTOBE
2045 1105 2164 1186 IN
2175 1104 2605 1189 CERTO.

457 1358 637 1413 Caper
662 1370 881 1410 ιιιιιιιυιι.
903 1381 979 1395 -
1001 1353 1165 1425 374
1200 1352 1323 1408 Fuit
1370 1350 1613 1420 quaedam
1666 1345 1917 1402 meretrix
1941 1386 1955 1408 .
1992 1346 2040 1407 A
2060 1347 2237 1417 iubes,
2274 1357 2442 1417 pater,
2496 1356 2553 1402 ut
2589 1362 2779 1418 aquam
2810 1361 2983 1402 meam
3013 1345 3281 1402 eﬂ'undam
3303 1346 3328 1399 τ
3352 1346 3421 1400 At
3447 1345 3535 1400 ille
3559 1359 3638 1400 re-

386 1451 598 1507 Thaisis
620 1448 857 1514 nomine,
873 1454 1034 1500 tantae
1057 1444 1485 1515 pulchritudinis,
1510 1450 1566 1496 ut
1584 1441 1732 1495 multi
1749 1448 1965 1507 propter

386 1562 509 1601 eam
542 1542 833 1598 vendentes
856 1539 1208 1593 substantiam
1232 1552 1378 1591 suam
1410 1536 1476 1590 ad
1507 1535 1742 1589 ultimam
1767 1546 1963 1600 perve-

393 1635 569 1688 nirent
600 1638 999 1701 paupertatem;
1031 1629 1124 1683 sed
1165 1638 1219 1683 et
1242 1629 1362 1683 lites
1384 1628 1523 1682 inter
1550 1640 1609 1680 se
1636 1621 1964 1679 conserenti-

388 1720 489 1775 bus
538 1719 865 1774 amatoribus
912 1717 1042 1782 suis,
1075 1718 1380 1786 frequenter
1419 1717 1677 1786 sanguine
1710 1715 1966 1783 juvenum

388 1811 583 1879 puellm
611 1811 769 1864 limen
795 1808 1117 1877 replebatur.
1145 1808 1274 1873 Quae
1296 1822 1415 1861 cum
1445 1807 1612 1860 abbas
1637 1802 1962 1873 Paphnutius

395 1900 660 1963 audisset,
691 1909 903 1966 sumpto
930 1898 1108 1951 habitu
1135 1898 1379 1953 smerrlari
1411 1906 1466 1951 et
1495 1911 1599 1950 uno
1621 1894 1813 1958 solido,
1844 1908 1967 1961 pro-

392 1992 564 2046 fectus
587 2001 669 2045 est
690 1991 755 2042 ad
786 2004 900 2044 eam
925 1991 977 2042 in
1003 1989 1226 2057 quadam
1254 1988 1466 2060 [Egypti
1508 1989 1759 2051 civitate;
1787 1984 1965 2038 dedit-

393 2097 500 2152 que
528 2082 578 2136 ei
604 2082 829 2136 solidum
874 2094 971 2147 pro
1012 2081 1257 2135 mercede
1280 2080 1502 2149 peccati.
1537 2080 1605 2132 At
1638 2079 1723 2132 illa
1746 2086 1968 2145 accepto

393 2175 587 2244 pretio,
618 2173 690 2226 ait
722 2190 735 2226 :
761 2170 1120 2241 lngrediamur
1140 2170 1535 2226 domum.Tunc
1559 2169 1647 2223 ille
1675 2170 1966 2237 ingressus,

398 2273 459 2317 ut
488 2266 678 2319 lectum
710 2266 967 2333 pretiosis
1000 2264 1238 2318 vestibus
1291 2272 1513 2316 stratum
1564 2259 1966 2323 conscenderet,

395 2351 655 2406 invitabat
684 2368 825 2421 eam,
854 2363 910 2409 et
937 2354 1106 2406 dixit:
1140 2353 1195 2406 Si
1217 2361 1300 2407 est
1321 2353 1544 2406 interius
1567 2350 1890 2415 cubiculum,
1917 2348 1968 2401 in

395 2441 513 2510 ipso
541 2458 749 2507 eamus,
798 2445 885 2497 illa
927 2444 1059 2498 dixit
1084 2460 1096 2495 :
1127 2441 1222 2496 Est
1250 2444 1464 2511 quidem
1487 2486 1503 2507 ,
1532 2442 1625 2496 sed
1652 2442 1697 2495 si
1729 2441 1973 2494 homines

394 2532 624 2599 vereris,
656 2548 755 2587 nec
804 2535 854 2585 in
896 2535 995 2586 isto
1025 2533 1274 2587 exteriori
1303 2532 1550 2585 cubicqu
1574 2530 1711 2583 ullus
1740 2527 1974 2598 ingredi-

394 2632 511 2687 tur;
534 2623 580 2676 si
597 2638 721 2676 vero
743 2622 932 2687 Deum,
961 2623 1136 2676 nullus
1156 2631 1237 2676 est
1255 2621 1404 2675 locus
1426 2621 1512 2686 qui
1537 2619 1827 2673 divinitatis
1854 2617 1973 2687 ejus

2067 1441 2281 1507 spondit
2313 1458 2326 1494 :
2358 1441 2411 1493 In
2441 1440 2596 1505 cella,
2622 1449 2679 1494 ut
2700 1439 2855 1523 digna
2883 1452 2960 1493 es.
2989 1437 3435 1509 Cumqueiterum
3458 1450 3646 1506 quem-

2067 1532 2354 1585 admodum
2386 1533 2555 1586 Deum
2593 1540 2773 1586 oraret
2811 1532 3130 1601 requireret,
3157 1532 3287 1585 dicit
3313 1531 3402 1585 ei:
3434 1529 3547 1583 Non
3587 1544 3646 1582 es

2068 1624 2223 1691 digna
2256 1625 2531 1679 nominare
2559 1626 2745 1688 Deum,
2773 1639 2870 1678 nec
2896 1624 2951 1677 in
2978 1622 3129 1677 labiis
3160 1623 3264 1676 tuis
3292 1636 3486 1675 nomen
3509 1620 3641 1675 divi.

2070 1718 2252 1771 nitatis
2278 1717 2393 1787 ejus
2421 1716 2685 1771 adducere
2710 1756 2724 1775 .
2758 1716 2850 1770 sed
2893 1731 2992 1769 nec
3020 1714 3086 1768 ad
3116 1715 3313 1770 caelum
3339 1729 3528 1768 manus
3550 1728 3647 1768 ex-

2068 1809 2326 1879 pandere,
2358 1808 2609 1878 quoniam
2642 1808 2781 1862 labia
2811 1816 2893 1860 tua
2925 1806 3199 1876 iniquitate
3227 1814 3351 1858 sunt
3376 1804 3553 1873 plena,
3593 1814 3649 1859 et

2075 1914 2264 1954 manus
2315 1909 2417 1953 tua;
2462 1898 2709 1955 sordibus
2757 1897 3084 1967 inquinatur;
3136 1896 3230 1951 sed
3283 1893 3648 1949 tantummodo

2075 1990 2270 2044 sedens
2299 1999 2483 2044 contra
2504 1988 2777 2043 Orientem
2803 1988 3030 2054 respice,
3062 1986 3201 2041 hunc
3224 2000 3529 2040 sermonem
3560 1999 3648 2040 so-

2077 2080 2182 2131 lum
2214 2078 2518 2148 frequenter
2545 2078 2744 2132 iterans
2775 2095 2788 2132 :
2820 2076 2918 2144 Qui
2948 2077 3221 2145 plasmasti
3254 2090 3359 2143 me,
3395 2076 3648 2132 miserere

2076 2170 2177 2222 mei
2212 2168 2318 2239 (2).

2144 2258 2274 2312 Car.
2307 2259 2389 2313 Ill.
2421 2288 2492 2300 —-
2518 2257 2651 2312 Cum
2676 2272 2801 2327 ergo
2824 2257 2990 2311 tribus
3035 2254 3188 2309 annis
3218 2256 3290 2310 ita
3340 2253 3528 2309 fuisset
3569 2252 3649 2308 in-

2075 2348 2245 2414 clusa,
2274 2349 2547 2402 condoluit
2575 2348 2741 2402 abbas
2769 2345 3119 2416 Paphnutius,
3152 2355 3205 2399 et
3227 2358 3349 2399 mox
3380 2343 3648 2412 profectus

2073 2449 2153 2493 est
2200 2440 2269 2493 ad
2313 2440 2555 2493 abbatem
2606 2439 2918 2501 Antonium,
2965 2446 3025 2491 ut
3072 2437 3141 2490 ab
3182 2451 3247 2490 eo
3276 2437 3573 2505 requireret
3603 2438 3647 2491 si

2060 2540 2291 2599 .peccata
2332 2531 2449 2600 ejus
2477 2532 2770 2585 remisisset
2813 2532 2861 2585 ei
2914 2531 3189 2594 Dominus,
3240 2544 3307 2585 an
3357 2546 3486 2585 non.
3517 2529 3648 2584 Cum

2076 2637 2205 2691 ergo
2251 2623 2615 2691 pervenisset,
2662 2632 2717 2676 et
2764 2631 2962 2675 tantam
3014 2622 3089 2676 illi
3129 2635 3342 2675 causam
3381 2621 3648 2678 subtiliter

395 2715 568 2769 oculis
596 2713 971 2767 abscondatur.
1002 2713 1151 2780 Quod
1181 2728 1299 2766 cum
1342 2713 1577 2764 audisset
1617 2725 1779 2763 senex
1801 2750 1814 2771 ,
1845 2708 1973 2762 dicit
2003 2701 2047 2761 B
2079 2721 2367 2775 narrasset,
2398 2713 2700 2765 cauvocatis
2726 2710 2999 2780 discipulis
3039 2712 3150 2765 suis
3186 2711 3348 2766 abbas
3387 2714 3648 2765 Antonius

396 2809 444 2864 ei
482 2825 497 2865 ς
529 2809 595 2863 Et
620 2810 726 2861 scis
766 2821 884 2861 esse
915 2806 1116 2861 Deum?
1141 2803 1239 2860 Cui
1263 2806 1349 2858 illa
1374 2803 1648 2871 respondit
1678 2820 1690 2853 :
1715 2802 1781 2855 Et
1806 2801 1972 2855 Deum

396 2901 511 2954 scio
557 2906 613 2951 et
640 2911 862 2964 regnum
905 2896 1061 2949 futuri
1107 2894 1319 2957 seaculi,
1367 2908 1572 2947 necnon
1622 2900 1678 2946 et
1706 2897 1972 2945 tormenta

395 2987 568 3041 futura
601 3000 962 3054 peccatorum.
993 2983 1132 3037 Dicit
1162 2984 1210 3037 ei
1244 3001 1254 3034 :
1289 2984 1347 3037 Si
1380 2995 1510 3049 ergo
1540 2981 1651 3034 hazc
1678 2979 1838 3045 nosti,
1879 2994 1974 3032 cur

401 3085 575 3131 tantas
602 3076 806 3129 animas
834 3075 1132 3145 perdidisti,
1162 3084 1220 3127 ut
1263 3089 1368 3127 non
1402 3073 1573 3128 solum
1600 3088 1694 3141 pro
1723 3073 1846 3133 tuis,
1879 3070 1971 3123 sed

398 3177 454 3222 et
484 3182 579 3235 pro
606 3165 817 3220 illorum
845 3165 1156 3219 criminibus
1182 3164 1384 3219 reddita
1428 3168 1629 3217 ratione
1667 3160 1975 3215 damneris?

399 3257 547 3323 Quod
577 3272 696 3311 cum
725 3255 935 3309 Thaisis
968 3256 1237 3320 audisset,
1268 3254 1544 3322 provoluta
1578 3254 1644 3307 ad
1676 3253 1839 3323 pedes
1870 3252 1976 3306 Pa-

398 3347 605 3416 phnutii
652 3345 896 3400 monachi
936 3360 1056 3401 cum
1102 3345 1353 3416 laerymis
1402 3346 1698 3410 exorabat,
1742 3345 1971 3398 dicens:

401 3437 771 3492 Pmnitentiam
802 3438 1040 3505 iujunge,
1068 3436 1261 3499 Pater;
1286 3436 1498 3491 conﬁdo
1527 3436 1670 3490 enim
1702 3435 1974 3490 remissio-

400 3545 523 3583 nem
554 3540 605 3583 te
628 3539 812 3584 orante
840 3527 1057 3593 sortiri;
1092 3529 1342 3581 horarum
1383 3536 1584 3580 tantum
1618 3525 1775 3579 trium
1818 3524 1975 3578 indu-

403 3617 514 3670 cias
545 3625 686 3683 peto,
719 3626 771 3668 et
797 3624 918 3685 post
944 3615 1045 3669 hoc
1069 3629 1386 3684 quocunque
1425 3613 1673 3682 jusseris,
1724 3626 1971 3677 vernam;

405 3716 461 3762 et
487 3708 837 3776 quodcunque
881 3706 1221 3776 praeceperis,
1252 3705 1464 3760 faciam.
1506 3704 1746 3773 Cumque
1797 3705 1972 3758 locum

403 3798 477 3851 illi
506 3798 673 3851 abbas
703 3797 1030 3866 Paphnutius
1051 3798 1434 3862 constituisset,
1468 3810 1573 3866 quo
1599 3796 1784 3851 venire
1813 3795 1976 3851 debe-

399 3898 500 3953 ret,
531 3888 616 3941 illa
645 3888 951 3954 discedens,
996 3887 1236 3943 collectis
1263 3887 1510 3941 omnibus
1549 3901 1879 3956 quaecunque
1908 3901 1974 3941 ex

399 3988 625 4048 peccato
648 3989 978 4047 susceperat,
1014 3980 1338 4049 prolatisque
1365 3981 1416 4034 in
1446 3978 1616 4033 media
1639 3980 1852 4034 civitate
1876 3994 1974 4047 po—

2076 2802 2326 2872 praecepit
2366 2812 2424 2854 ut
2455 2802 2544 2855 illa
2580 2810 2736 2856 nocte
2768 2815 2953 2855 omnes
2993 2801 3304 2870 vigilarent,
3336 2811 3390 2856 et
3433 2800 3486 2855 in
3518 2816 3643 2855 ora-

2080 2895 2227 2948 tione
2252 2893 2558 2962 singillatim
2583 2893 2965 2962 persisterent,
2993 2903 3256 2962 quatenus
3287 2893 3449 2947 alicui
3476 2908 3542 2948 ex
3572 2896 3648 2948 eis

2076 2984 2374 3039 declararet
2399 2984 2537 3039 Deus
2565 2998 2782 3039 causam
2824 3000 2922 3053 pro
2970 2998 3074 3053 qua
3117 2984 3281 3038 abbas
3322 2983 3648 3052 Paphnutius

2077 3085 2316 3131 venerat.
2341 3075 2521 3146 Itaque
2546 3091 2666 3130 cum
2692 3076 2884 3146 singuli
2912 3075 3279 3142 secessissent,
3302 3085 3355 3132 et
3374 3077 3648 3132 incessan-

2081 3178 2161 3222 ter
2198 3178 2437 3230 orarent,
2491 3166 2655 3220 abbas
2686 3168 2900 3232 Paulus,
2936 3166 3105 3235 major
3143 3167 3436 3235 discipulus
3480 3167 3649 3220 sancti

2080 3258 2319 3321 Antonii,
2356 3257 2490 3310 vidit
2517 3255 2692 3310 subito
2737 3256 2792 3310 in
2818 3258 2957 3311 caelo
2991 3258 3182 3309 lectum
3214 3255 3460 3324 pretiosis
3490 3256 3649 3309 vesti-

2078 3349 2177 3401 bus
2203 3348 2519 3403 adornatum
2546 3390 2560 3415 ,
2591 3362 2747 3417 quem
2791 3358 2897 3402 tres
2926 3348 3178 3418 virgines,
3221 3349 3362 3401 clara
3389 3346 3525 3401 facie
3551 3346 3648 3399 lul-

2076 3450 2262 3509 gentes
2288 3439 2680 3494 custodiebant.
2714 3439 2846 3517 Cum
2875 3454 3005 3509 ergo
3032 3440 3145 3506 ipse
3178 3439 3373 3492 Paulus
3400 3436 3604 3491 diceret
3633 3455 3645 3489 :

2076 3530 2191 3583 Non
2217 3536 2301 3584 est
2319 3529 2527 3597 largitio
2556 3530 2669 3582 haec
2691 3529 2909 3582 alterius
2938 3529 3040 3582 nisi
3062 3529 3231 3582 Patris
3262 3526 3369 3581 mei
3398 3528 3646 3591 Antonii;

2075 3635 2176 3675 vox
2207 3620 2271 3673 ad
2302 3634 2426 3673 eum
2458 3618 2594 3672 facta
2622 3626 2741 3672 est:
2774 3617 2890 3671 Non
2938 3626 3023 3671 est
3066 3617 3238 3671 Patris
3280 3616 3355 3670 tui
3407 3616 3648 3681 Antonii,

2076 3713 2171 3766 sed
2194 3711 2402 3766 Thaisis
2426 3710 2721 3765 meretricis
2740 3719 2843 3764 est.
2858 3710 3006 3773 Quod
3034 3725 3152 3763 cum
3178 3711 3459 3763 manifeste
3482 3708 3648 3762 abbas

2085 3803 2281 3857 Paulus
2295 3802 2585 3865 retulisset,
2603 3800 2809 3870 cognita
2829 3800 2920 3853 Dei
2933 3799 3200 3853 voluntate
3217 3799 3383 3852 abbas
3400 3798 3648 3866 Paphnu-

2079 3892 2183 3945 tius
2213 3889 2487 3953 discessit,
2517 3901 2570 3944 et
2600 3903 2850 3943 reversus
2892 3889 2957 3941 ad
3003 3888 3387 3943 monasterium
3438 3887 3489 3939 iu
3541 3900 3647 3956 quo

2076 3981 2249 4037 fuerat
2278 3980 2516 4046 inclusa,
2544 3980 2738 4033 ostium
2778 3979 2918 4048 quod
2961 3979 3298 4033 obstruxerat
3338 3977 3645 4045 dissipavit;

398 4069 524 4138 pulo
553 4080 830 4138 spectante
862 4069 967 4139 igni
998 4071 1296 4138 supposuit,
1327 4072 1565 4124 clamans
1594 4086 1609 4125 :
1645 4069 1833 4124 Venite
1855 4085 1971 4124 om-
1996 4063 2044 4126 C
2075 4074 2164 4127 illa
2211 4087 2369 4135 vero,
2424 4082 2479 4125 ut
2504 4070 2663 4141 375
2706 4069 2880 4123 adhuc
2931 4070 3000 4124 ita
3038 4079 3372 4138 permaneret
3422 4069 3648 4131 inclusa,

398 4172 494 4215 nes
520 4163 607 4229 qui
634 4162 893 4231 peccastis
918 4176 1148 4223 mecum,
1179 4170 1233 4215 et
1254 4161 1448 4223 videte,
1471 4161 1737 4229 quomodo
1767 4176 1827 4216 ea
1852 4176 1970 4230 qua;

403 4251 529 4304 mihi
557 4253 859 4305 contulistis
886 4267 1127 4306 exuram.
1164 4252 1291 4306 Erat
1333 4264 1508 4307 autem
1541 4254 1767 4322 pretium
1812 4253 1971 4308 libra-

402 4354 518 4395 rum
544 4343 913 4413 quadraginta.

466 4431 593 4487 Car.
619 4436 682 4489 ll.
711 4464 781 4475 -—
802 4435 935 4500 Quae
956 4449 1074 4488 cum
1101 4436 1278 4488 omnia
1314 4433 1753 4503 consumpsisset,
1802 4435 1854 4488 in
1886 4434 1962 4489 lo-

396 4538 516 4578 cum
544 4540 703 4594 quem
731 4527 897 4581 abbas
925 4525 1203 4581 constituit
1242 4526 1288 4580 ei
1308 4565 1323 4588 ,
1355 4525 1595 4594 perrexit
1625 4541 1639 4578 :
1671 4539 1830 4593 quam
1854 4525 1965 4593 ille,

397 4624 612 4683 reperto
632 4615 873 4685 virginali
896 4615 1237 4680 monasterio,
1267 4616 1321 4669 in
1343 4615 1532 4670 cellula
1555 4629 1717 4684 parva
1745 4614 1968 4678 ducens,

399 4706 595 4758 ostium
626 4707 832 4761 cellulae
864 4707 1078 4773 plumbo
1119 4707 1346 4775 signavit
1390 4721 1714 4775 parvamque
1759 4706 1973 4775 reliquit

401 4794 761 4860 fenestellam,
795 4812 887 4864 per
912 4812 1066 4865 quam
1098 4797 1147 4850 ei
1179 4797 1347 4850 victus
1385 4798 1624 4851 modicus
1656 4796 1968 4864 inferretur,

400 4886 667 4954 iussitque
695 4886 743 4938 ei
768 4887 1013 4940 omnibus
1033 4887 1219 4940 diebus
1238 4902 1423 4955 parum
1448 4888 1598 4956 panis
1619 4898 1672 4940 et
1701 4887 1969 4955 paululum

400 4991 555 5045 aqua:
585 4991 614 5027 a
642 4977 911 5029 sororibus
942 4976 1245 5030 monasterii
1271 4978 1583 5031 ministrari.
1616 4977 1747 5031 Cum
1789 4988 1968 5033 autem

397 5066 698 5121 discederet
727 5066 865 5119 ostio
884 5065 1177 5134 plumbato,
1202 5066 1275 5118 ait
1293 5066 1359 5120 ad
1381 5068 1527 5121 illum
1559 5068 1768 5123 Thaisis
1802 5086 1817 5123 :
1847 5069 1967 5136 Quo

2036 4158 2039 4163 ’
2080 4162 2560 4232 postulabat;cum
2612 4176 2737 4214 vero
2783 4159 3079 4227 aperuisset
3115 4170 3334 4213 ostium.
3374 4159 3507 4213 dixit
3550 4158 3599 4212 ei
3633 4174 3647 4209 :

2078 4253 2366 4322 Egredere,
2392 4250 2638 4320 quoniam
2670 4250 2871 4305 remisit
2896 4250 2988 4303 tibi
3020 4252 3156 4306 Deus
3180 4260 3393 4319 peccata
3419 4261 3527 4303 tua.
3557 4250 3647 4303 llla

2078 4346 2385 4415 respondit:
2418 4344 2609 4398 Testor
2642 4345 2835 4407 Deum,
2866 4344 2986 4412 quia
3034 4357 3098 4396 ex
3140 4359 3240 4410 quo
3280 4342 3366 4395 hic
3412 4343 3646 4410 ingressa

2074 4454 2223 4501 sum,
2260 4438 2435 4492 omnia
2473 4446 2688 4506 peccata
2726 4451 2845 4490 mea
2872 4437 3016 4490 velut
3042 4437 3305 4489 sarcinam
3335 4435 3497 4489 statui
3526 4444 3649 4489 ante

2074 4530 2258 4586 oculos
2302 4544 2482 4593 meos,
2531 4539 2583 4583 et
2612 4544 2716 4582 non
2763 4528 3124 4583 discesserunt
3171 4539 3382 4595 peccata
3420 4543 3537 4583 mea
3580 4529 3670 4582 ab.

2074 4620 2242 4674 oculis
2269 4618 2426 4684 meis,
2454 4618 2547 4672 sed
2580 4618 2769 4672 ﬂebam
2793 4634 3008 4686 semper
3036 4619 3123 4673 illa
3150 4620 3514 4688 conspiciens.
3545 4621 3665 4674 Cui

2074 4708 2239 4762 abbas
2297 4708 2621 4776 Paphnutius
2677 4707 2753 4761 ait
2796 4708 2956 4762 :Non
3015 4718 3231 4777 prepter
3276 4710 3645 4779 paenitentiam

2075 4808 2217 4852 tuam
2243 4799 2446 4852 remisit
2481 4798 2571 4851 tibi
2601 4798 2760 4862 Deus,
2784 4799 2875 4853 sed
2900 4802 3022 4866 quia
3052 4800 3237 4854 horum
3261 4802 3639 4871 cogitationem

2076 4904 2290 4958 semper
2318 4888 2547 4943 habuisti
2581 4889 2633 4941 in
2661 4889 2859 4944 animo.
2890 4890 2959 4943 Et
2985 4906 3107 4945 cum
3136 4906 3253 4944 eam
3282 4892 3403 4945 inde
3425 4892 3638 4947 eduxis-

2075 4992 2187 5046 set,
2236 4979 2536 5049 quindecim
2568 4986 2769 5034 tantum
2799 4979 2988 5035 diebus
3016 4978 3226 5036 Thaisis
3268 4981 3430 5049 vixit,
3479 4994 3540 5039 et
3569 4984 3661 5039 sic.

2074 5072 2317 5140 pausavit
2339 5073 2395 5124 in
2419 5084 2569 5139 pace.

1662 5208 2028 5265 ROSWEYDI
2062 5208 2380 5265 NOTATIO.

469 5314 547 5390 (Al)
590 5314 808 5390 Tunisia.
833 5313 851 5385 ]
879 5313 1043 5390 Hujus
1088 5316 1526 5390 commemoratio
1570 5324 1654 5370 est
1699 5316 1749 5370 in
1780 5316 1959 5390 Meno-
1991 5324 2043 5382 Β
2070 5315 2747 5390 pauperibusclistribuit,
2781 5326 2835 5373 et
2872 5318 3194 5390 seipsamhin
3234 5318 3366 5374 cella
3407 5322 3645 5390 quadam.

392 5385 534 5454 Iogio
570 5385 878 5439 (ἔνθεοι-ιλιι]
921 5386 952 5437 8
989 5387 1268 5439 Octobris:
1302 5404 1319 5433 ι
1342 5386 1532 5437 Natalis
1570 5395 1767 5438 sancta:
1797 5388 1955 5440 'l‘hai-

391 5456 517 5518 she,
551 5472 667 5519 qua:
696 5454 868 5507 fuerat
898 5455 1169 5507 meretrix.
1215 5455 1335 5507 lI:cc
1366 5455 1433 5505 ab
1460 5456 1818 5509 adolescentia
1858 5454 1979 5511 fuit'

392 5540 421 5573 a
452 5524 662 5593 propria
696 5531 863 5577 matre
890 5526 1174 5591 depravata
1207 5540 1221 5587 ;
1254 5522 1430 5588 itaque
1459 5524 1723 5578 ullicinam
1758 5526 1967 5580 diaboli

392 5607 452 5649 se
496 5594 787 5648 constituit.
841 5594 943 5646 Sed
996 5608 1026 5644 a
1076 5594 1189 5645 viro
1237 5604 1425 5645 sancto
1470 5594 1762 5659 Paphnutio
1801 5606 1953 5663 capta

393 5671 496 5715 est.
517 5663 783 5717 Conversa
809 5663 991 5733 igitur,
1012 5672 1065 5716 et
1084 5663 1388 5729 pmni'entia
1410 5667 1668 5717 scelerum
1697 5681 1955 5732 compun-

393 5741 510 5802 cta,
553 5743 608 5791 et
633 5734 811 5789 omnia
838 5748 933 5788 sua
961 5734 1461 5803 quadringentarum
1495 5738 1662 5803 pretio
1693 5738 1953 5791 aestimata

2066 5390 2208 5442 inclu
2244 5387 2312 5447 it,
2364 5386 2479 5458 ubi,
2533 5386 2779 5458 lacrymis
2830 5396 2882 5440 et
2934 5387 3217 5455 gemitibus
3266 5406 3330 5443 ex
3381 5386 3643 5458 profundo

2062 5458 2241 5512 cordis
2270 5454 2482 5529 emissis
2502 5497 2516 5521 ,
2545 5454 2810 5529 clamabat
2838 5475 2851 5508 :
2885 5454 2986 5523 Qui
3020 5460 3289 5524 plasmasti
3320 5454 3405 5513 me
3428 5505 3443 5529 ,
3475 5465 3637 5516 mise-

2060 5543 2182 5600 rere
2213 5526 2335 5578 mei.
2382 5528 2432 5577 In
2469 5528 2565 5600 hac
2592 5528 2970 5600 exercitatione
2998 5543 3165 5600 annos
3195 5538 3303 5583 tres
3337 5526 3593 5600 transegit
3620 5548 3641 5586 ι

2062 5599 2201 5650 unde
2229 5610 2443 5661 egressa
2473 5595 2620 5662 jussu
2653 5597 2892 5659 abbatis,
2928 5606 3045 5663 post
3071 5597 3371 5665 quindecim
3401 5595 3638 5654 dies'ex-

2060 5668 2239 5719 cessit.
2273 5684 2291 5716 »
2322 5667 2449 5732 Qua?
2480 5665 2545 5717 ad
2578 5668 2796 5721 verbum
2828 5668 3103 5735 desumpta
3134 5676 3261 5721 sunt
3294 5686 3355 5722 cx
3388 5669 3631 5731 Menmis,

2060 5737 2112 5791 iu
2152 5736 2341 5806 quibus
2384 5744 2557 5789 tamen
2601 5736 2900 5806 Paphnutio
2941 5738 3110 5805 patria
3150 5739 3467 5805 assignatur,
3508 5754 3638 5808 qum
