4020 6218
395 272 499 330 663

1454 283 1544 338 DE
1590 284 1762 353 VlTlS
1806 286 2089 342 PATRUM
2128 287 2333 341 LIBER
2376 289 2656 349 PRIMUS.

3551 291 3660 349 664

390 382 675 475 bioticos}.
720 387 918 475 Dicitur
956 389 1098 443 enim
1237 391 1492 475 ξιδὼνιᾳς,
1529 394 1810 475 Sidonius,
1841 397 1966 452 Flo-
1997 406 2047 460 Α
2073 401 2140 453 At
2175 401 2260 454 illa
2283 441 2299 466 ,
2337 401 2544 466 Testor,
2590 404 2791 473 inquit,
2826 404 3027 472 Deum,
3057 405 3181 475 quia
3211 419 3276 459 ex
3305 418 3410 475 quo
3440 403 3542 460 huc
3576 408 3665 459 in-

386 456 586 534 varium
612 458 931 534 Sanctorum
958 476 1072 534 ms1
1082 500 1096 521 ,
1125 461 1194 534 28
1224 466 1442 532 Augusti
1470 456 1487 518 ἐ
1518 466 1754 520 r'l‘haisis
1784 456 1969 534 pecca-

356 555 358 558 ›
385 523 536 603 tricis
553 530 864 603 conversio.
893 531 961 582 Et
985 528 1017 581 8
1041 531 1285 585 Octobris
1307 523 1334 584 ἷ
1359 535 1569 587 Sancta:
1597 523 1809 590 Thaisis
1842 553 1966 603 pec-

383 595 603 671 catrieis
640 597 903 671 depositio
950 616 1041 666 per
1066 612 1303 671 sanctum
1334 603 1684 671 Paphnuxium
1710 595 1965 661 conversa

381 676 412 713 a
464 666 1024 745 studio'tncretricio.
1070 670 1239 736 Quam
1296 666 1652 741 ille'reperto
1702 679 1960 745 virginum

384 737 735 810 monasterio,
759 740 828 810 in
868 740 1115 793 cellulam
1154 755 1369 807 parvam
1415 737 1735 810 rec-ludens,
1765 737 1956 802 ovstium

382 802 602 868 plumbo
629 808 912 883 sigillavit,
953 819 1007 862 et
1052 802 1264 883 parvam
1303 813 1352 865 ei
1393 815 1679 866 fenestram
1710 802 1913 871 dimisit
1938 859 1952 883 ,

383 885 478 937 per
521 890 677 943 quam
726 878 773 929 ei
824 880 974 931 cibus
1012 881 1251 934 modicus
1290 883 1605 937 deferretur.
1638 887 1763 939 l'ost
1793 878 1952 941 trioni

382 955 508 1021 vero
560 962 821 999 annorum
876 950 1236 1021 pteuiteuliam
1281 953 1443 1004 abbas
1500 954 1823 1021 Paphnutius
1875 973 1956 1010 re-

378 1012 564 1090 diens,
597 1012 1124 1090 postrevelatinnem
1157 1023 1255 1073 sibi
1287 1036 1314 1073 a
1350 1025 1457 1075 Deo
1486 1024 1552 1076 de
1574 1012 1672 1076 illa
1718 1026 1915 1078 factum
1938 1070 1952 1090 ,

377 1084 570 1161 ostium
598 1088 736 1161 quod
773 1091 985 1153 plumbo
1012 1092 1350 1157 signaverat,
1380 1092 1685 1160 dissipavit,
1716 1084 1957 1161 dixitque

375 1155 423 1204 ei
454 1167 469 1204 :
503 1155 797 1221 Egredere,
838 1161 956 1226 quia
996 1155 1198 1214 dimisit
1235 1155 1344 1216 tibi»
1384 1155 1526 1215 Deus
1572 1155 1787 1231 peccata
1845 1155 1951 1219 tua.

2076 486 2255 545 gressa
2296 488 2454 545 sum,
2498 490 2560 527 ex
2604 476 2853 529 omnibus
2885 478 3017 530 meis
3044 477 3279 544 peccatis
3306 478 3457 545 quasi
3488 477 3659 530 sarci-

2073 555 2194 593 nam
2231 540 2329 597 feci
2363 543 2488 595 mihi
2516 584 2528 603 ,
2564 554 2617 597 et
2647 554 2770 598 ante
2802 549 2986 599 oculos
3017 540 3164 600 meos
3194 540 3373 599 statrii.
3424 546 3488 599 Et
3516 548 3660 599 sicut

2070 624 2176 684 non
2210 615 2433 665 recessit
2462 615 2731 668 anhelitus
2762 616 2829 668 de
2860 616 3074 669 naribus
3105 618 3269 678 meis,
3302 615 3377 669 ita
3409 631 3506 670 nec
3535 616 3658 684 qui-

2066 681 2186 732 dem
2238 698 2343 734 uno
2394 693 2667 736 momento
2714 701 2882 753 usque
2933 684 2997 739 ad
3047 688 3183 739 hanc
3215 684 3403 739 horam
3437 681 3655 753 peccata

2064 764 2181 802 mea
2214 763 2552 805 recesserunt
2580 769 2608 806 a
2638 769 2746 807 me.
2779 756 2981 809 Claruit
3009 771 3149 809 anno
3180 756 3367 809 salutis
3399 756 3523 809 544.
3559 774 3577 806 ι

2138 819 2251 874 Vita
2284 823 2394 875 haec
2420 824 2470 875 in
2498 824 2816 892 quibusdam
2845 824 3217 892 Manuscriptis
3242 828 3527 893 separatim
3560 839 3658 892 po-

2063 891 2225 954 nitur,
2264 894 2461 961 maliis
2513 891 2849 947 interseritur
2886 897 3003 949 aliis
3048 891 3198 949 libris
3223 936 3239 957 ,
3291 891 3348 948 ut
3396 896 3531 948 libro
3562 891 3655 961 71:,

2063 974 2182 1025 eap.
2216 959 2301 1020 16,
2340 962 2542 1016 ratione
2574 965 2853 1028 Papliuutii
2886 965 2975 1033 qui
3016 980 3133 1018 eant
3178 968 3464 1019 convertit.
3517 959 3649 1019 Dedi

2063 1033 2382 1103 separatim,
2417 1043 2471 1085 ut
2501 1035 2692 1103 femina
2729 1035 2940 1087 feminis
2964 1036 3301 1103 jungeretur.

2137 1101 2359 1175 (‘23)AQni
2413 1119 2491 1175 nte
2540 1102 2835 1171 plasmasti,
2892 1101 3127 1157 miserere
3174 1102 3339 1175 mei.]
3390 1104 3647 1157 Eatndeul

2064 1170 2290 1223 Thaisia:
2320 1174 2617 1227 orationem
2652 1176 2816 1229 habes
2846 1175 2897 1228 in
2930 1175 3146 1230 Metiaais
3176 1184 3231 1227 et
3252 1170 3571 1244 Menologio.

378 1312 3637 1351 Ἦ

1723 1464 2027 1507 OCTUBIHS
2075 1466 2201 1507 Vill.

672 1598 1147 1747 VITA
1247 1602 2076 1749 SANCTEE
2166 1607 3096 1756 PELAGUE
3188 1673 3338 1762 ω..

1668 1870 1750 1940 Μ
1765 1871 2383 1953 EBETRICIS,

765 2033 1132 2095 aucroua
1174 2036 1480 2098 JACOBO
1524 2039 1876 2102 DIACONO
1922 2043 2038 2123 (2),
2080 2046 2582 2106 INTERPRE'I‘E
2625 2047 3074 2111 EUSTOCHIO
3116 2047 3230 2127 (3).

1221 2371 1870 2456 PROLOGUS
1949 2376 2772 2459 INTERPRETIS.

504 2536 667 2592 Verba
700 2534 993 2589 sacerdotis
1025 2537 1191 2599 tanti,
1226 2545 1279 2587 et
1306 2543 1472 2590 cefata
1505 2538 1740 2600 Latinis,

574 2609 893 2660 hustocliius
919 2614 1116 2658 Lhrlstt
1149 2607 1395 2659 transtuli
1426 2608 1685 2660 subsidio.

2178 2539 2286 2594 Sed
2317 2555 2410 2594 vos
2431 2580 2447 2605 ,
2480 2542 2708 2595 lectores
2729 2581 2743 2604 ,
2777 2554 2985 2610 mecum
3018 2551 3235 2610 pensate
3266 2542 3539 2607 laborem,

2264 2613 2328 2663 Et
2356 2626 2620 2664 memores
2648 2613 2812 2663 nostri
2844 2609 3047 2665 fundite
3076 2614 3235 2666 verba
3268 2613 3398 2667 Deo.

1306 2869 1939 3048 apruistis
2058 2874 2659 3017 auctoris.

423 3110 583 3181 3'76
620 3112 837 3179 Magnas
874 3126 1088 3180 semper
1125 3110 1357 3165 Domino
1393 3119 1578 3163 nostro
1616 3112 1814 3177 gratias
1853 3108 2058 3164 referre
2095 3109 2381 3174 debemus,
2414 3111 2502 3178 qni
2532 3126 2636 3164 non
2666 3113 2777 3166 vult
2809 3112 2977 3178 perire
3006 3119 3315 3179 peccatores
3352 3112 3407 3166 in
3449 3126 3597 3167 mor-

348 3214 489 3266 tem,
522 3205 617 3259 sed
647 3221 834 3261 omnes
864 3220 963 3274 per
992 3204 1374 3274 posmtentiam
1399 3204 1639 3257 converti
1667 3204 1811 3271 cupit
1838 3204 1904 3257 ad
1934 3205 2094 3257 vitam
2126 3201 2189 3273 (Ι
2223 3203 2355 3256 Tim.
2388 3204 2486 3272 ιι).
2518 3204 2712 3259 Audite
2742 3219 2868 3274 ergo
2898 3206 3209 3262 miraculum
3237 3208 3377 3276 quod
3408 3216 3620 3277 gestum

347 3303 427 3348 est
457 3296 507 3349 in
540 3297 724 3351 diebus
754 3306 972 3350 nostris.
1011 3297 1189 3349 Visum
1221 3305 1304 3348 est
1343 3295 1470 3347 mihi
1504 3292 1770 3362 peccatori
1797 3292 1998 3347 Jacobo
2026 3294 2267 3347 scribere
2309 3293 2459 3345 vobis
2500 3292 2748 3347 fratribus
2775 3295 3007 3361 sanctis,
3042 3307 3098 3349 ut
3125 3297 3391 3350 audiendo
3422 3300 3505 3351 vel
3536 3298 3615 3352 le-

349 3390 525 3459 gendo
550 3390 730 3441 sciatis
754 3428 770 3452 ,
800 3396 855 3441 et
882 3388 1159 3441 animabus
1198 3386 1393 3439 vestris
1425 3385 1716 3437 maximum
1747 3382 2126 3437 consolationis
2168 3382 2422 3435 auxilium
2461 3383 2771 3450 acquiratis.
2815 3382 3119 3438 Misericors
3147 3387 3291 3438 enim
3325 3387 3492 3451 Dens,
3525 3388 3613 3456 qui

349 3483 554 3534 nullum
589 3483 860 3533 hominem
894 3482 1001 3531 vult
1033 3483 1206 3545 perire
1234 3518 1246 3542 ,
1283 3477 1470 3530 statuit
1500 3476 1554 3529 in
1586 3478 1685 3528 hoc
1710 3476 1908 3528 smculo
1948 3485 2004 3527 ut
2042 3488 2139 3543 per
2164 3473 2582 3529 satisfactionem
2624 3474 2817 3529 delicta
2859 3475 3146 3542 donentur,
3186 3481 3309 3547 quia
3348 3479 3399 3532 iu
3441 3479 3617 3535 futuro

345 3574 540 3641 justum
566 3571 825 3638 judicium
858 3571 994 3634 erit,
1026 3571 1078 3622 in
1109 3584 1213 3635 quo
1277 3568 1497 3635 recipiet
1524 3566 1886 3634 unusquisque
1917 3564 2208 3617 secundum
2238 3579 2399 3631 opera
2425 3580 2544 3619 sua.
2570 3564 2721 3619 Nune
2745 3581 2873 3635 ergo
2895 3567 3165 3620 silentium
3195 3568 3324 3621 mihi
3357 3571 3615 3636 prtcbete,

349 3675 405 3718 et
436 3662 713 3717 intuemini
740 3677 951 3716 mecum
981 3660 1126 3713 omni
1156 3659 1435 3727 diligentia
1462 3657 1639 3711 cordis
1660 3697 1678 3725 ,
1706 3656 1829 3726 quia
1860 3656 2048 3709 relatio
2074 3664 2257 3709 nostra
2286 3658 2696 3719 compunctione
2726 3662 2856 3711 satis
2883 3658 3152 3711 uberrima
3182 3661 3335 3728 plena
3364 3672 3465 3715 est.

1736 3907 2211 4036 VITA.

409 4103 589 4159 CAPUT
629 4115 851 4154 cuinon.
886 4126 945 4137 —
979 4098 1384 4154 Sacratissimus
1412 4100 1693 4167 episcopus
1723 4095 1911 4151 Autio-
1960 4104 2001 4160 Β
2030 4097 2118 4159 qui
2152 4096 2458 4151 audiebant.
2487 4096 2709 4155 Cunctis
2738 4118 2865 4158 vero
2892 4102 3044 4157 nobis
3074 4101 3460 4159 admirantibus
3488 4120 3603 4160 san-

342 3804 3589 3828 ww

339 4193 470 4249 Chia:
498 4201 731 4247 cmtatts
759 4190 1071 4245 convocavit
1097 4190 1165 4243 ad
1205 4204 1264 4243 se
1291 4204 1479 4244 omnes
1508 4204 1675 4259 prope
1713 4203 1772 4243 se
1800 4189 1917 4242 exi-

337 4292 538 4337 stentcs
566 4283 871 4349 episc0pos,
916 4294 1011 4348 pro
1050 4288 1198 4333 certa
1240 4278 1468 4346 quadam
1513 4294 1721 4333 causa:
1774 4278 1920 4333 unde

340 4384 706 4429 convenerunt
746 4373 985 4441 episcOpi
1029 4386 1254 4426 numero
1292 4382 1415 4427 octo
1439 4413 1454 4437 ,
1484 4372 1624 4426 inter
1654 4387 1788 4441 quos
1818 4371 1922 4425 fuit

335 4474 389 4519 et
418 4465 785 4519 sanctissimus
818 4465 910 4519 Dei
942 4465 1021 4517 vir
1050 4464 1268 4518 Nonnus
1293 4464 1403 4533 (4),
1428 4466 1712 4533 episcopus
1735 4481 1917 4529 meus,

335 4557 415 4609 vir
454 4556 708 4609 mirificus
738 4564 794 4608 et
818 4556 1223 4610 efficacissimus
1256 4556 1582 4621 monarhus,
1631 4557 1698 4610 de
1729 4572 1915 4610 inena-

333 4648 501 4701 sterio
542 4646 681 4716 quod
730 4647 924 4700 dicitur
975 4648 1512 4702 'l‘abenensiotarutn.
1564 4646 1789 4716 Propter
1833 4649 1913 4701 in-

334 4739 748 4808 comparabilem
800 4740 941 4792 enim
991 4737 1109 4805 ejus
1151 4749 1313 4791 vrtam
1360 4749 1415 4792 et
1456 4738 1914 4792 decoratissimam

333 4833 792 4886 conversationem
839 4840 1019 4897 raptus
1059 4839 1142 4883 est
1180 4828 1251 4883 de
1292 4831 1649 4891 monasterio,
1681 4842 1734 4883 et
1772 4829 1918 4899 epis-

335 4938 499 4991 copus
531 4924 831 4977 ordinatus.
865 4922 1227 4989 Cougregatos
1255 4935 1382 4989 ergo
1412 4922 1464 4973 in
1496 4920 1748 4988 praadicta
1780 4922 1919 4973 civi-

334 5025 440 5067 tate
462 5056 476 5077 ,
503 5013 663 5081 jussit
691 5028 788 5066 nos
816 5012 1098 5080 episcopus
1129 5012 1293 5078 ipsius
1324 5012 1556 5065 civitatis
1601 5027 1817 5066 manere
1863 5013 1916 5065 in

332 5104 549 5158 basilica
595 5105 891 5158 beatissimi
934 5105 1184 5172 martyris
1224 5102 1419 5156 Juliaui
1444 5105 1551 5171 (ὅ).
1581 5105 1916 5173 lugressique

332 5194 709 5259 successimus,
740 5195 828 5247 ubi
870 5203 923 5246 et
963 5196 1141 5248 czeteri
1172 5193 1258 5261 qui
1290 5207 1652 5247 convenerant
1678 5194 1915 5263 episeopi

329 5297 455 5338 ante
480 5282 695 5352 januam
730 5283 896 5351 ipsius
928 5283 1161 5337 basilicae
1191 5284 1525 5337 resederunt.

405 5374 535 5427 Car.
578 5374 639 5426 ll.
668 5403 740 5414 ——
769 5372 969 5438 Quibus
999 5375 1327 5441 sedentibus,
1363 5375 1526 5442 aliqui
1555 5374 1788 5442 episcopi
1818 5376 1913 5428 do-

327 5468 533 5521 minum
567 5481 743 5520 meum
787 5465 1030 5518 Nonoum
1063 5469 1319 5536 rogabant
1347 5478 1403 5521 ut
1444 5468 1637 5536 aliquid
1682 5470 1748 5519 ab
1790 5468 1907 5534 ipso

323 5559 684 5624 ducerentur;
717 5556 1003 5626 statimque
1028 5572 1091 5612 ex
1126 5573 1220 5611 ore
1252 5574 1351 5611 suo
1380 5567 1595 5612 sanctus
1626 5561 1908 5625 episemms

322 5648 486 5716 erepit
515 5648 659 5719 loqui
689 5648 757 5705 ad
788 5645 1191 5705 aedificationem
1218 5657 1270 5704 ct
1299 5649 1365 5703 ad
1395 5649 1620 5704 salutem
1668 5648 1905 5704 omnium

2026 4196 2164 4239 etam
2190 4189 2486 4242 doctrinam
2511 4192 2647 4260 ejus,
2674 4207 2800 4247 ecce
2821 4193 2998 4247 subito
3023 4191 3234 4247 transiit
3257 4210 3351 4263 per
3371 4211 3468 4250 nos
3492 4200 3603 4266 pri-

2027 4291 2112 4328 ma
2142 4277 2423 4332 mimarum
2458 4280 2756 4335 Antiochiae
2783 4300 2796 4348 ;
2829 4286 3045 4352 ipsaque
3071 4294 3155 4338 est
3185 4286 3353 4355 prima
3375 4288 3602 4342 choreu-

2027 4368 2246 4421 triarmn
2290 4372 2737 4437 pantomimarum
2774 4374 2877 4443 (6),
2910 4380 3105 4430 sedens
3142 4391 3303 4446 super
3340 4379 3598 4447 asellum;

2022 4469 2077 4513 et
2122 4464 2383 4529 processit
2431 4480 2551 4518 cum
2603 4480 2807 4518 summa
2865 4467 3177 4534 phantasia,
3207 4470 3454 4522 adornata
3484 4464 3595 4543 ita,

2024 4559 2081 4603 ut
2128 4552 2260 4604 nihil
2302 4552 2575 4607 videretur
2614 4569 2777 4622 super
2831 4570 2891 4607 ea
2933 4556 3033 4610 nisi
3074 4572 3256 4611 aurum
3299 4568 3352 4611 et
3390 4574 3599 4630 marga-

2024 4643 2138 4696 ritae
2168 4652 2220 4696 et
2247 4643 2451 4711 lapides
2481 4646 2697 4711 pretiosi
2725 4663 2739 4711 ;
2768 4648 2979 4702 nuditas
3006 4664 3132 4703 vero
3161 4648 3349 4718 pedum
3379 4650 3496 4717 ejus
3531 4665 3600 4706 ex

2022 4748 2153 4786 auro
2180 4741 2237 4786 et
2265 4736 2567 4802 margarit-s
2595 4746 2711 4788 erat
2738 4747 2991 4805 cooperta
3017 4754 3033 4792 :
3075 4754 3196 4792 cum
3227 4754 3330 4808 qua
3372 4742 3604 4793 maxima

2025 4833 2142 4877 erat
2170 4839 2361 4892 pompa
2394 4841 2681 4893 puerorum
2714 4838 2764 4881 et
2803 4830 3101 4898 puellarum
3132 4833 3184 4884 in
3217 4832 3455 4885 vestibus
3486 4848 3604 4900 pre-

2024 4915 2172 4969 tiosis
2214 4918 2443 4981 amicta,
2483 4927 2537 4970 ct
2575 4928 2790 4986 torques
2832 4936 2994 4975 aurea
3034 4935 3197 4990 super
3237 4924 3437 4976 collum
3464 4925 3600 4992 ejus.

2022 5008 2248 5075 Quidam
2281 5012 2692 5076 praecedebant,
2735 5013 2821 5065 alii
2869 5028 2999 5067 vero
3038 5014 3401 5082 sequebantur
3439 5030 3598 5070 eun:

2024 5101 2429 5168 pulchritudinis
2461 5112 2643 5155 autem
2677 5104 2887 5156 decoris
2930 5103 3045 5171 ejus
3090 5120 3193 5156 non
3239 5115 3357 5157 erat
3386 5108 3604 5161 satietas

2019 5193 2267 5245 euntibus
2296 5195 2643 5247 smcularibns
2676 5196 3000 5249 hominibus.
3026 5197 3154 5262 Quae
3195 5209 3373 5254 tamen
3419 5214 3597 5254 trans-

2020 5285 2135 5337 iens
2176 5301 2269 5353 per
2312 5301 2444 5350 nos,
2490 5296 2657 5339 totum
2692 5288 2929 5355 implevit
2957 5303 3134 5343 aerem
3177 5306 3243 5344 ex
3285 5296 3451 5347 odore
3480 5310 3596 5346 mu-

2019 5376 2094 5428 sci
2127 5376 2207 5445 (7)
2234 5418 2248 5442 ,
2283 5379 2366 5430 vel
2397 5390 2713 5431 cmlertirttni
2741 5379 3180 5432 suavissimornm
3222 5389 3599 5436 odoramemo-

2020 5484 2135 5518 rttm
2165 5468 2477 5534 fragrantia.
2512 5469 2678 5533 Quam
2711 5482 2763 5523 ut
2794 5470 3043 5522 viderunt
3070 5473 3308 5536 episeuri
3340 5475 3406 5524 ita
3438 5475 3596 5544 377

2016 5559 2158 5609 nudo
2200 5558 2372 5623 eapite
2402 5569 2455 5611 et
2486 5561 2628 5611 otnni
2667 5562 3026 5613 membrorum
3056 5576 3315 5630 compage
3342 5566 3421 5617 sic
3452 5566 3600 5618 inve-

2018 5647 2251 5702 recunde
2282 5650 2509 5705 transire
2535 5666 2651 5703 cum
2686 5651 2845 5705 tantis
2874 5651 3150 5723 obsequiis
3213 5663 3270 5709 ut
3313 5670 3414 5712 nec
3449 5662 3596 5712 vcla-
