4020 6246
343 314 447 371 665

1301 307 1457 359 VIl'A
1500 304 1789 360 SANCT/E
1833 301 2171 366 PELAGUE,
2218 295 2655 354 MERETRICIS.

3499 300 3602 355 666

341 443 465 483 men
496 442 659 498 super
687 434 846 493 caput
874 424 1137 495 positum,
1181 436 1279 474 nec
1316 434 1476 486 super
1516 418 1795 484 scapulas,
1838 426 1915 467 ta-
1945 417 1991 473 Α
2026 415 2242 477 miuica,
2271 422 2553 480 postquam
2584 407 2966 474 complevimus
2993 416 3283 463 nocturnas
3308 408 3598 475 orationes,

339 527 525 575 centes
566 520 978 587 ingemuerunt,
1010 523 1064 569 et
1092 513 1240 582 quasi
1270 526 1299 564 a
1335 520 1555 577 peccato
1598 508 1916 577 gravissimo

340 622 653 666 averterunt
683 610 843 663 facies
871 621 1013 660 suas.

412 704 538 760 CAP.
583 702 668 757 ΙΙΙ.
700 732 768 740 -
797 698 1138 752 Beatissimus
1162 702 1336 748 autem
1362 692 1587 746 Nonnus
1619 691 1912 744 intentrssr-

339 810 428 849 me
456 810 572 847 eam
599 801 651 845 et
681 791 765 843 diu
795 785 1153 854 respiciebat,
1186 786 1254 836 ita
1282 792 1336 835 ut
1365 792 1708 851 posteaquam
1740 792 1916 833 trans-

341 887 491 949 isset,
527 885 817 936 intueretur
839 888 894 931 et
928 878 1218 945 respiceret
1244 892 1384 930 eam.
1418 874 1482 928 Et
1512 886 1691 941 postea
1720 874 1911 926 avertit

342 974 527 1027 faciem
574 987 722 1023 suam
752 1012 766 1033 ,
796 971 979 1022 dicens
1007 970 1070 1020 ad
1101 968 1557 1021 circumsedentes
1586 966 1867 1031 episcOpos
1901 982 1913 1018 :

346 1066 452 1119 Vos
480 1080 585 1118 non
614 1063 861 1117 delectati
890 1059 1021 1113 estis
1052 1067 1196 1112 tanta
1230 1055 1619 1125 pulchritudine
1649 1054 1916 1123 ejus?lllis

340 1173 469 1211 vero
492 1155 620 1209 nihil
644 1151 1112 1220 respondentibus,
1138 1150 1315 1218 posuit
1347 1148 1531 1200 faciem
1562 1162 1719 1213 super
1745 1160 1915 1214 genua

342 1266 434 1305 sua
460 1291 474 1314 ,
508 1258 561 1301 et
590 1246 835 1300 manuale
866 1254 1105 1298 sanctqu
1138 1243 1275 1309 quod
1308 1239 1519 1294 tenebat
1559 1239 1755 1290 sanctis
1806 1252 1918 1289 ma-

340 1343 497 1397 nibus
540 1339 685 1403 suis,
740 1346 794 1391 et
840 1337 919 1390 sic
957 1349 1173 1388 omnem
1204 1332 1377 1386 sinum
1407 1346 1561 1383 suum
1591 1328 1810 1395 replevit
1842 1328 1917 1380 la-

340 1431 537 1499 crymis
561 1466 576 1491 ,
628 1438 681 1481 et
732 1427 1005 1492 suspirans
1042 1423 1296 1493 graviter,
1328 1420 1459 1484 dixit
1484 1419 1673 1472 iterum
1704 1417 1767 1468 ad
1801 1417 1913 1481 epi-

340 1535 530 1587 scopos
558 1536 572 1571 :
604 1518 719 1571 Non
750 1516 998 1572 delectati
1033 1516 1162 1568 estis
1191 1521 1335 1565 tanta
1360 1508 1751 1579 pulchritudine
1778 1508 1915 1575 ejus?

341 1609 449 1665 illis
478 1625 605 1664 vero
633 1607 763 1662 nihil
793 1606 1241 1674 reSpondentihus
1276 1622 1288 1657 :
1322 1603 1477 1665 Vere,
1511 1600 1604 1664 ait,
1634 1615 1731 1668 ego
1764 1598 1916 1653 valde

340 1702 639 1757 delectatus
687 1714 804 1753 sum
834 1740 847 1763 ,
880 1709 934 1752 et
982 1694 1174 1765 placuit
1214 1695 1341 1747 mihi
1385 1692 1724 1761 pulchritudo
1753 1688 1870 1758 ejus
1896 1728 1911 1751 ,

2020 504 2149 558 dicit
2191 504 2255 556 ad
2302 518 2387 555 me
2428 510 2644 555 sanctus
2688 498 2905 552 Nonnus
2931 499 3217 567 episcopus
3247 516 3261 552 :
3297 500 3413 555 Tibi
3456 501 3597 565 dico,

2022 594 2186 648 frater
2218 593 2462 653 diacouc,
2494 590 2599 642 vidi
2632 590 2894 641 somnium
2936 600 2991 642 et
3031 589 3238 642 fortiter
3264 593 3556 645 conturbor
3582 634 3598 657 ,

2019 698 2086 736 eo
2112 683 2252 750 quod
2282 697 2386 734 non
2418 695 2629 748 possum
2663 679 2968 732 discernere
2996 679 3145 732 illud.
3172 680 3271 746 Qui
3300 696 3422 734 mox
3456 682 3585 736 dicit

2019 775 2083 828 ad
2134 790 2219 828 me
2270 775 2468 827 vidisse
2518 773 2660 827 sein
2698 771 2943 835 somnis,
2994 771 3261 839 quomodo
3315 771 3599 826 adcurnu

2019 864 2202 917 altaris
2232 873 2401 917 staret
2432 863 2580 931 nigra
2607 861 2876 923 columba,
2930 860 3112 913 multis
3153 860 3402 915 sordibus
3450 862 3598 916 invo-

2020 957 2153 1020 luta,
2183 970 2301 1023 quae
2331 954 2748 1008 circnmvolabat
2779 969 2885 1016 me,
2921 962 2974 1006 et
3001 950 3225 1006 fetorem
3273 969 3336 1008 ac
3382 954 3597 1022 squale-

2019 1060 2132 1099 rem
2161 1045 2394 1098 sordium
2422 1044 2537 1111 ejus
2581 1043 2717 1096 ferre
2771 1058 2874 1095 non
2914 1041 3182 1095 valebam.
3216 1042 3307 1095 llla
3337 1057 3466 1097 vero
3494 1042 3596 1097 cir-

2019 1139 2288 1189 cumstetit
2312 1150 2419 1199 me,
2446 1137 2613 1188 donec
2639 1134 2856 1186 dimissa
2883 1142 2966 1186 est
2986 1135 3155 1187 oratio
3177 1132 3594 1186 catechumeno.

2020 1243 2136 1279 rum
2169 1227 2264 1297 (8).
2302 1228 2583 1295 Postquam
2614 1240 2740 1279 vero
2774 1224 3121 1291 proclamavit
3145 1226 3397 1278 diaconus
3451 1233 3594 1278 cate-

2019 1320 2296 1371 chumcnis
2332 1336 2346 1370 ;
2383 1316 2678 1381 l’ruccdite,
2710 1315 2887 1369 statim
2911 1331 3169 1382 nusquam
3188 1314 3502 1384 comparuit.
3531 1315 3595 1369 Et

2020 1420 2138 1477 post
2180 1408 2394 1463 missam
2438 1408 2651 1460 ﬁdelem
2702 1415 2757 1459 et
2801 1405 3211 1472 completionem
3253 1406 3537 1460 oblationis
3565 1448 3583 1472 ,

2018 1514 2138 1550 cum
2187 1496 2407 1549 dimissa
2459 1504 2602 1550 esset
2645 1494 2895 1556 ecclesia,
2920 1495 3225 1561 egre'diente
3256 1511 3342 1547 me
3373 1495 3593 1548 limitem

2018 1586 2211 1639 domus
2245 1585 2361 1648 Dei,
2396 1582 2539 1636 venit
2565 1583 2741 1641 denuo
2772 1582 2884 1648 ipsa
2914 1582 3157 1634 columba
3202 1583 3383 1635 multis
3422 1582 3595 1636 sordi-

2018 1677 2119 1730 bus
2151 1676 2412 1740 involuta,
2444 1683 2499 1727 et
2528 1674 2721 1727 iterum
2748 1671 3165 1725 circumvolabat
3194 1687 3303 1727 me.
3337 1672 3446 1739 Ego
3467 1688 3595 1726 vero

339 1793 589 1863 quoniam
622 1792 776 1842 istam
806 1788 967 1842 habet
1004 1787 1141 1840 Deus
1174 1798 1487 1853 praeponere
1514 1789 1569 1837 et
1595 1789 1831 1834 statuere
1859 1779 1911 1832 in
1946 1775 1987 1832 Β
2016 1768 2311 1823 extendens
2342 1782 2577 1829 manum,
2607 1763 2937 1833 apprehendi
2974 1777 3090 1817 eam
3118 1804 3133 1830 ,
3191 1773 3243 1816 et
3288 1762 3484 1831 jactavi
3542 1763 3595 1817 iu

338 1894 627 1954 couSpectu
647 1880 935 1935 tremendae
958 1890 1007 1932 et
1025 1877 1353 1931 admirabilis
1383 1875 1523 1929 sedis
1550 1888 1681 1937 sum,
1710 1871 1916 1939 judica-

341 1984 490 2028 turus
514 1984 618 2027 tam
649 1986 745 2026 nos
771 1985 928 2039 quam
953 1969 1312 2035 episc0patum
1340 1974 1601 2019 nostrttm.
1635 1963 1698 2015 Et
1724 1962 1916 2014 iterum

341 2064 477 2118 dixit
503 2064 567 2118 ad
592 2050 869 2131 episcopos
902 2080 912 2110 :
947 2057 1084 2124 Quid
1110 2058 1323 2123 putatis,
1358 2051 1717 2116 dilectissimi,
1751 2067 1918 2119 quau-

343 2163 423 2207 tas
453 2153 617 2206 horas
646 2151 769 2206 fecit
815 2151 867 2202 in
915 2147 1158 2202 cubiculo
1209 2160 1305 2198 suo
1339 2145 1454 2197 haec
1494 2142 1701 2202 mulier,
1741 2141 1921 2191 lavans

341 2255 396 2297 et
442 2257 768 2313 componens
794 2257 871 2305 se,
905 2256 1025 2293 cum
1075 2239 1219 2293 omni
1272 2234 1634 2291 sollicitudine
1679 2231 1923 2285 animiet

340 2334 636 2390 intentione
678 2334 741 2387 ad
787 2331 1145 2401 Spectaenlum
1190 2342 1386 2382 ornans
1430 2342 1509 2389 se,
1554 2333 1610 2377 ut
1660 2321 1921 2391 corporali

341 2424 724 2496 pulchritudini
754 2430 806 2475 et
834 2419 1045 2474 ornatui
1077 2417 1205 2472 nihil
1246 2417 1479 2482 deesset,
1512 2424 1774 2480 quatenus
1801 2425 1919 2462 om-

342 2515 497 2569 nibus
526 2514 782 2582 placeret,
815 2524 879 2563 ne
913 2509 1078 2576 turpis
1130 2506 1398 2559 videretur
1424 2518 1542 2557 esse
1575 2504 1684 2554 Suis
1716 2508 1921 2551 amato-

344 2603 514 2667 ribus,
548 2599 637 2669 qui
667 2600 823 2652 hodie
853 2604 995 2659 sunt,
1027 2608 1079 2649 et
1106 2595 1340 2648 crastino
1369 2607 1471 2645 non
1502 2590 1670 2643 sunt?
1706 2590 1845 2655 Ergo
1867 2596 1915 2640 et

343 2708 442 2748 nus
472 2691 728 2745 habentes
763 2698 963 2756 patrem
994 2686 1045 2739 in
1089 2685 1240 2739 cretis
1285 2682 1727 2748 omnipotentem,
1760 2693 1920 2745 Spon-

343 2801 460 2840 sum
511 2783 904 2843 immortalem,
956 2780 1241 2833 donantem
1296 2778 1433 2830 bene
1497 2773 1919 2828 custodientibus

347 2876 753 2945 promissioues,
784 2887 901 2939 quae
932 2872 1126 2924 habent
1154 2869 1366 2923 divitias
1395 2868 1644 2921 cmlestes
1676 2874 1727 2918 et
1760 2873 1918 2916 trier-

347 2982 410 3021 na
442 2966 655 3033 praemia
678 3006 691 3028 ,
724 2979 841 3033 quae
874 2960 1128 3015 mstimari
1159 2974 1261 3013 non
1294 2967 1509 3025 possunt
1538 2997 1553 3021 ,
1588 2972 1704 3023 qua:
1734 2955 1920 3007 oculus

348 3072 449 3111 non
482 3056 627 3116 vidit,
665 3070 761 3107 nec
790 3053 933 3107 auris
958 3051 1182 3115 audivit,
1213 3065 1310 3103 nec
1353 3050 1403 3102 in
1450 3064 1543 3101 cor
1574 3047 1801 3099 hominis
1831 3063 1915 3099 as-

2022 1861 2305 1924 Concham,
2335 1874 2454 1925 qua:
2482 1865 2597 1911 erat
2628 1858 2678 1909 in
2710 1856 2845 1909 atrio
2867 1865 3064 1908 sanctae
3091 1854 3367 1917 ecclesia};
3412 1864 3464 1908 et
3507 1853 3593 1907 di-

2023 1951 2168 2003 misit
2220 1949 2271 2001 in
2323 1963 2457 2015 aqua
2513 1961 2700 1999 omnes
2750 1945 2934 1999 sordes
2965 1958 3089 1997 suas
3128 1944 3317 2012 quibus
3345 1943 3596 1997 obvoluta

2030 2053 2166 2105 erat,
2202 2049 2256 2094 et
2283 2038 2523 2093 ascendit
2549 2037 2617 2090 de
2645 2051 2780 2105 aqua
2810 2034 3035 2088 candida
3063 2034 3197 2087 sicut
3221 2034 3310 2087 nix
3340 2051 3351 2084 :
3389 2048 3509 2099 qua:
3543 2044 3596 2085 et

2023 2132 2229 2194 volans,
2259 2128 2312 2181 in
2343 2128 2614 2183 excelsum
2644 2125 2912 2179 ferebatur
2938 2165 2953 2189 ,
2989 2134 3042 2177 et
3071 2123 3289 2176 omnino
3315 2121 3382 2174 ab
3423 2122 3591 2174 oculis

2024 2222 2156 2275 meis
2213 2220 2423 2274 sublata
2476 2229 2577 2273 est.
2637 2217 2768 2271 Cum
2822 2229 2950 2285 ergo
3004 2224 3273 2268 narrasset
3321 2213 3586 2267 somnium

2028 2321 2244 2367 sanctus
2275 2312 2367 2365 Dei
2400 2310 2617 2364 Nonnus
2645 2308 2928 2376 episcopus
2948 2349 2961 2374 ,
2997 2304 3351 2374 apprehendit
3392 2319 3477 2357 me
3505 2321 3518 2355 :
3547 2316 3598 2355 et

2024 2404 2363 2474 perxcnimus
2417 2403 2482 2455 ad
2541 2401 2795 2467 majorem
2855 2398 3135 2452 ecclesiam
3208 2411 3329 2449 cum
3395 2396 3600 2449 czctcris

2023 2495 2315 2567 episcOpis,
2343 2502 2396 2548 et
2424 2491 2771 2547 salutavimus
2798 2490 3106 2558 episcopum
3135 2488 3385 2542 civitatis.

2093 2609 2220 2661 Car.
2254 2606 2338 2659 Vl.
2371 2633 2437 2645 —
2463 2605 2528 2658 Et
2557 2601 2865 2672 ingrediens
2893 2639 2909 2664 ,
2963 2614 3174 2653 onmem
3212 2597 3462 2663 populum
3511 2610 3598 2649 ec~

2021 2698 2199 2753 clesia:
2253 2698 2496 2749 hortatus
2551 2703 2671 2757 est,
2726 2693 2816 2760 qui
2867 2690 3091 2760 ingressi
3143 2688 3395 2742 sederunt
3440 2701 3598 2754 super

2024 2792 2246 2843 thronos
2278 2803 2438 2851 suos;
2472 2797 2525 2840 et
2560 2794 2677 2853 post
2707 2797 2921 2852 omnem
2951 2782 3258 2835 canonicam
3285 2778 3598 2833 celebratio-

2024 2895 2145 2933 netu
2177 2879 2261 2932 vel
2293 2877 2574 2931 lectionem
2604 2873 2773 2927 sancti
2806 2869 3078 2939 Evangelii
3107 2910 3120 2931 ,
3147 2870 3285 2921 idem
3318 2866 3599 2935 episcopus

2022 2972 2252 3027 civitatis
2301 2969 2580 3037 porrigens
2620 2975 2861 3020 sanctum
2909 2962 3253 3030 Evangelium
3290 2957 3600 3012 beatissimo

2024 3063 2234 3125 Nouno,
2259 3060 2569 3113 hortabatur
2588 3072 2705 3110 eum
2731 3063 2790 3109 ut
2818 3056 2980 3109 verba
3012 3054 3210 3104 faceret
3233 3049 3297 3103 ad
3323 3050 3599 3116 pepulunt.

347 3145 643 3200 eenderunt
674 3186 688 3210 ,
739 3159 857 3211 quze
889 3140 1205 3210 prazparavit
1262 3142 1401 3194 Deus
1450 3138 1791 3207 diligentibus
1835 3152 1913 3191 se:

2027 3156 2123 3223 Qui
2156 3153 2402 3220 aperiens
2433 3166 2493 3205 os
2535 3164 2686 3203 suum
2736 3146 3053 3213 loquebatur
3094 3142 3409 3209 sapientiam
3456 3140 3547 3191 Dei
3583 3179 3599 3201 ,

348 3231 475 3300 quid
513 3236 654 3289 enim
696 3235 844 3303 plura
878 3233 1103 3301 loquor?
1134 3231 1392 3285 habentes
1426 3231 1916 3297 repromissionem,

348 3325 537 3380 faciem
566 3325 709 3378 illam
753 3339 994 3393 magnam
1034 3332 1085 3376 et
1112 3321 1467 3390 Splendidam,
1496 3331 1548 3371 et
1582 3317 1923 3372 inwstimahi-

349 3423 451 3477 lem
484 3420 665 3490 sponsi
696 3420 894 3473 vultum
929 3417 1128 3481 videre,
1181 3415 1264 3470 cui
1312 3412 1595 3468 Chcrnbim
1655 3413 1921 3477 respicere

348 3529 457 3569 non
487 3513 702 3575 audent,
728 3526 830 3563 non
860 3522 1113 3562 ornamus
1161 3521 1335 3575 neque
1378 3504 1707 3571 detergimus
1735 3502 1921 3555 sordes

350 3603 420 3657 de
450 3602 661 3655 miseris
691 3600 968 3653 animabus
996 3596 1214 3661 nostris,
1248 3596 1340 3650 sed
1371 3595 1688 3647 dinnttimus
1713 3607 1803 3646 eas
1827 3609 1920 3646 nc-

349 3695 609 3764 gligenter
630 3695 828 3762 jacere.

418 3807 547 3862 CAP.
581 3809 664 3859 IV.
695 3836 764 3846 —
796 3806 885 3859 llis
931 3804 1178 3858 omnibus
1230 3801 1421 3863 dictis,
1460 3796 1809 3867 apprehendit
1840 3809 1926 3849 me

351 3906 685 3966 peccatorem
718 3895 1026 3960 diaconum,
1055 3893 1496 3962 pervenimusque
1525 3890 1578 3942 in
1611 3888 1922 3955 hospitium,

355 3990 441 4043 ubi
471 3990 626 4043 nobis
657 3988 824 4041 fuerat
846 3987 1034 4041 cellula
1059 3988 1203 4039 data.
1237 3987 1302 4039 Et
1332 3987 1601 4054 ingressus
1623 3982 1925 4037 cubiculum

353 4095 528 4147 suum,
555 4080 771 4149 jactavit
800 4093 855 4131 se
888 4079 936 4130 in
970 4078 1346 4144 pavimentum,
1374 4090 1420 4128 et
1457 4076 1642 4129 faciem
1677 4091 1826 4127 suam
1859 4074 1924 4127 ad

357 4182 583 4232 terram;
621 4170 1033 4236 percutiensque
1084 4178 1267 4234 pectus
1315 4183 1487 4228 suum,
1515 4165 1926 4236 lacrymabatur,

360 4261 538 4313 dicens
568 4278 581 4312 :
618 4261 838 4350 Domine
869 4258 996 4311 .lesu
1016 4256 1246 4322 ChriSIe,
1273 4259 1486 4325 ignosce
1511 4256 1636 4309 mihi
1663 4256 1928 4324 peccatori

359 4360 411 4403 et
438 4347 829 4419 indigno,'quia
864 4349 1018 4401 unius
1040 4349 1144 4402 diei
1174 4358 1390 4401 ornatus
1418 4347 1715 4401 meretricis
1738 4361 1928 4413 super-

356 4444 502 4495 venit
530 4455 776 4496 ornatum
804 4444 992 4495 animae
1019 4456 1173 4495 metu.
1201 4441 1350 4508 Quali
1382 4441 1528 4495 vultu
1559 4442 1835 4508 respiciam
1861 4440 1926 4493 ad

357 4536 443 4587 te?
493 4544 583 4588 aut
622 4537 814 4603 quibus
859 4532 1196 4588 sermonibus
1238 4532 1503 4604 justiﬁcer
1554 4533 1606 4585 in
1638 4543 1927 4600 conspectu

355 4626 480 4677 tuo?
509 4623 623 4677 Non
656 4627 795 4679 enim
825 4626 1105 4679 occultabo
1134 4640 1228 4679 cor
1260 4639 1433 4677 meum
1474 4632 1599 4677 ante
1647 4630 1700 4677 te
1725 4663 1740 4684 ,
1792 4638 1927 4688 quo-

356 4719 498 4767 niam
527 4716 784 4783 prospicis
816 4727 1019 4771 secreta
1051 4731 1188 4770 mea.
1216 4717 1280 4770 Et
1309 4732 1389 4768 vae
1424 4716 1553 4769 mihi
1585 4715 1853 4784 peccatori
1876 4724 1931 4769 et

358 4803 599 4871 indigno,
629 4808 877 4872 queuiatn
922 4818 1043 4862 ante
1074 4809 1243 4863 altare
1276 4821 1421 4862 tuum
1452 4809 1686 4874 assisto,
1719 4817 1774 4860 et
1819 4822 1928 4861 non

359 4892 529 4947 offero
560 4894 829 4961 pulchram
862 4900 1087 4951 animam
1115 4900 1320 4966 qualem
1349 4900 1556 4967 expetis
1602 4913 1629 4950 a
1680 4914 1783 4952 me.
1835 4898 1930 4952 Illa

361 4986 508 5038 enim
551 4985 791 5053 promisit
840 4988 1048 5053 placere
1100 4989 1400 5041 hominibus
1426 5030 1439 5051 ,
1474 4998 1527 5043 et
1555 4989 1710 5052 fecit;
1748 4998 1799 5041 ct
1830 5003 1928 5056 ego

361 5075 586 5143 promisi
619 5074 713 5129 tibi
746 5076 956 5143 placere
980 5117 994 5138 ,
1026 5086 1079 5129 et
1105 5082 1352 5131 mentitus
1371 5094 1486 5130 sum
1522 5088 1738 5147 propter
1768 5079 1928 5145 pigri-

365 5165 491 5216 tiam
535 5179 729 5217 meam.
766 5164 949 5218 Nudus
977 5181 1092 5219 sum
1119 5175 1223 5218 tam
1257 5169 1305 5219 in
1328 5168 1464 5221 ccelo
1490 5183 1648 5235 quam
1679 5168 1732 5220 in
1764 5177 1927 5230 terra,

364 5273 467 5309 non
509 5255 806 5324 adimplens
849 5266 1113 5325 praecepta
1144 5258 1507 5311 mandatorum
1534 5269 1762 5313 tuorum.
1792 5260 1930 5327 Ergo

365 5363 470 5399 non
500 5360 580 5400 est
611 5348 740 5401 mihi
779 5363 903 5415 spes
930 5362 995 5401 ex
1040 5348 1288 5416 operibus
1319 5348 1494 5412 bonis,
1525 5350 1616 5402 sed
1647 5364 1770 5417 spes
1816 5364 1929 5404 mea

366 5436 419 5489 in
466 5437 825 5491 misericordia
866 5446 989 5502 tua,
1025 5452 1125 5504 qua
1153 5436 1363 5490 confido
1400 5437 1618 5489 salvari.
1660 5438 1781 5490 llaec.
1810 5453 1935 5493 vero

367 5525 461 5578 illo
491 5528 740 5593 dicente,
792 5536 846 5581 et
901 5528 1088 5581 horum
1136 5543 1294 5581 causa
1342 5528 1622 5595 plurimum
1660 5530 1934 5596 ululante,

366 5614 553 5667 eodem
577 5616 663 5669 die
693 5616 1037 5672 vehementer
1066 5615 1197 5670 festa
1222 5617 1631 5672 celebravimus.

440 5704 569 5763 Car.
606 5706 666 5779 ν,
695 5738 763 5750 -
788 5709 1209 5778 Supervenicnte
1239 5720 1414 5764 autem
1446 5708 1552 5779 die,
1589 5724 1704 5779 quae
1728 5718 1808 5767 est
1832 5709 1937 5767 Do-

2025 3260 2142 3313 qua:
2185 3242 2453 3295 habitabat
2497 3240 2547 3292 iu
2579 3253 2642 3292 eo
2667 3280 2681 3301 ,
2718 3236 2965 3305 quoniam
3006 3232 3136 3288 nihil
3178 3227 3601 3299 compositionis,

2026 3344 2118 3387 aut
2150 3331 2521 3403 philosophiae,
2559 3336 2651 3381 aut
2675 3327 3017 3381 indiscretqu
3042 3322 3435 3389 alloquebatur,
3472 3318 3601 3370 nihil

2026 3429 2077 3481 iu
2106 3442 2165 3480 se
2196 3424 2396 3477 habens
2428 3422 2675 3475 humanm
2716 3428 2917 3471 natum
2969 3413 3291 3481 superfluum
3326 3428 3338 3463 :
3371 3409 3463 3463 sed
3512 3423 3599 3461 re-

2029 3518 2199 3585 pletus
2233 3515 2430 3582 Spiritu
2464 3519 2671 3573 sancto,
2706 3509 2963 3577 arguebat
2988 3518 3041 3559 et
3070 3500 3446 3558 commonebat
3489 3497 3601 3566 ple-

2029 3608 2185 3669 bem,
2239 3603 2599 3661 sincerissime
2658 3602 2879 3668 loquens
2916 3598 2981 3651 de
3032 3596 3209 3648 futuro
3264 3590 3492 3658 judicio,
3549 3596 3604 3640 ct

2028 3698 2307 3767 perpetuis
2338 3696 2492 3748 bonis
2514 3709 2631 3762 qua!
2660 3689 2889 3757 reposita
2915 3695 3059 3741 sunt.
3074 3686 3274 3738 Cuncta
3304 3696 3431 3751 ergo
3456 3678 3603 3748 plebs

2027 3799 2343 3859 compuncta
2374 3797 2547 3841 estex
2582 3783 2743 3851 378
2768 3780 2968 3843 verbis,
3024 3777 3216 3842 quibus
3271 3772 3476 3825 locutus
3522 3777 3604 3821 est

2028 3899 2126 3953 per
2153 3897 2272 3935 eum
2304 3879 2532 3945 Spiritus
2558 3884 2798 3935 sanctus,
2830 3872 2900 3923 ita
2934 3877 2991 3922 ut
3018 3867 3374 3935 pavimentum
3406 3868 3603 3915 sanctae

2032 3971 2285 4023 Ecclesia:
2314 3964 2591 4018 inundaret
2624 3959 2802 4029 populi
2827 3956 3093 4027 lacrymis.

2097 4078 2225 4132 CAP.
2273 4075 2381 4130 Vll.
2407 4103 2478 4115 -
2505 4074 2902 4127 Guhev‘nattoue
2930 4082 3055 4122 vero
3094 4064 3477 4120 misericordia
3521 4062 3602 4116 di-

2029 4174 2166 4225 vinae
2194 4168 2435 4237 contigit,
2469 4176 2524 4219 ut
2548 4165 2863 4220 conveniret
2913 4162 2977 4214 ad
3026 4158 3271 4215 eamdem
3324 4156 3607 4212 ecclesiam

2031 4272 2084 4318 et
2113 4260 2366 4315 meretrix
2396 4259 2529 4321 hanc,
2562 4257 2629 4309 de
2655 4271 2756 4323 qua
2788 4253 2963 4307 factus
3005 4259 3090 4306 est
3118 4250 3272 4304 nobis
3296 4263 3476 4303 sermo
3506 4265 3519 4312 ;
3550 4259 3607 4300 et.

2032 4350 2173 4420 quod
2195 4350 2388 4402 mirum
2408 4355 2511 4410 est,
2529 4345 2932 4405 catechumena,
2963 4342 3050 4396 cui
3080 4354 3344 4408 nunquam
3375 4338 3604 4391 accessit

2033 4439 2333 4495 sollicitudo
2362 4445 2696 4505 peccatorum
2727 4474 2743 4497 ,
2793 4448 2893 4486 nec
2937 4430 3222 4499 aliquando
3259 4428 3325 4482 ad
3356 4428 3447 4482 Dei
3478 4441 3604 4480 cou-

2040 4529 2275 4586 venisset
2318 4526 2596 4581 ecclesiam
2624 4564 2639 4588 ,
2691 4522 2867 4577 subito
2907 4529 3222 4587 compuncta
3276 4525 3358 4572 est
3417 4517 3609 4569 tiumre

2038 4621 2267 4685 Domini,
2301 4634 2421 4672 cum
2454 4624 2699 4686 argueret
2725 4621 2940 4666 sanctus
2964 4609 3182 4664 Nonnus
3210 4605 3457 4676 populum
3487 4645 3504 4672 ,
3534 4606 3606 4659 ita

2039 4724 2095 4768 ut
2146 4713 2456 4780 desperaret
2509 4706 2576 4759 de
2625 4719 2704 4769 se,
2749 4703 2864 4768 ipsa
2894 4702 3085 4754 nmlier
3114 4700 3368 4768 plangens
3392 4697 3611 4752 flumina

2040 4806 2394 4873 lacrymarum
2424 4796 2720 4858 fundebat,
2753 4809 2850 4845 nec
2880 4792 2986 4844 ullo
3019 4792 3176 4844 modo
3207 4805 3237 4842 a
3286 4790 3412 4843 fletu
3441 4789 3610 4841 conti-

2040 4909 2170 4949 nere
2201 4908 2260 4946 se
2292 4896 2518 4959 poterat.
2555 4886 2620 4939 Et
2669 4885 2846 4937 statim
2878 4882 3130 4950 praecepit
3174 4880 3384 4934 duobus
3436 4877 3612 4945 pueris

2034 4985 2165 5043 suis,
2193 4981 2374 5033 dicens
2402 4993 2416 5030 :
2449 4975 2716 5029 Sustinete
2740 4973 2791 5024 in
2827 4971 2926 5024 hoc
2958 4971 3106 5033 loco;
3133 4978 3187 5022 et
3209 4968 3333 5021 dum
3358 4980 3609 5039 egressus

2036 5071 2195 5125 fuerit
2225 5076 2439 5122 sanctus
2470 5066 2686 5118 Nonnus
2716 5065 3018 5130 episcopus,
3049 5056 3343 5125 sequamini
3372 5074 3515 5120 eum,
3556 5067 3611 5111 et
3664 5048 3668 5055 ’

2037 5165 2287 5235 inquirite
2337 5160 2424 5213 ubi
2460 5168 2666 5211 tmmeat
2688 5199 2703 5221 ,
2734 5169 2784 5211 et
2815 5156 2990 5209 venite
3034 5160 3087 5207 et
3122 5151 3422 5206 renuntiate
3455 5151 3611 5206 mihi.

2038 5258 2193 5312 Pueri
2230 5268 2353 5307 vero
2384 5250 2624 5306 fecerunt
2662 5249 2800 5301 sicut
2829 5246 3079 5315 princepit
3119 5246 3197 5299 eis
3229 5245 3442 5298 domina
3469 5257 3561 5297 sua
3596 5258 3610 5305 ;

2040 5358 2094 5403 et
2131 5355 2415 5414 sequentes
2463 5358 2585 5411 nos,
2631 5347 2891 5393 venerunt
2920 5340 2971 5391 in
3006 5338 3283 5391 basilicam
3316 5336 3608 5390 beatissimi

2039 5439 2289 5507 martyris
2339 5432 2555 5497 .lu‘iani,
2611 5431 2699 5484 ubi
2750 5428 2903 5483 nobis
2950 5428 3236 5494 hoSpitium
3287 5443 3383 5483 seu
3422 5426 3609 5480 cellula

2041 5539 2175 5587 erat.
2211 5530 2276 5582 Et
2306 5526 2555 5595 regressi,
2584 5530 2840 5578 venerunt
2869 5563 2882 5585 ,
2912 5520 3143 5575 dominae
3185 5520 3565 5573 suaedicentes
3596 5534 3610 5568 :

2044 5620 2301 5687 Quoniam
2332 5616 2381 5669 in
2411 5614 2631 5669 basilica
2665 5611 2954 5667 beatissimi
2984 5610 3234 5679 martyris
3266 5607 3460 5664 Juliani
3496 5620 3605 5656 ma.

2043 5715 2159 5767 net.
2211 5707 2326 5773 Quo
2377 5704 2471 5762 illa
2516 5700 2937 5770 audito,statim
2986 5693 3608 5762 transmisitdiptychum
