4020 6288
385 332 489 389 667

1425 324 1513 380 DE
1554 322 1731 381 VlTlS
1768 316 2053 378 PATRUM
2094 318 2296 378 LIBER
2336 325 2616 385 PRIMUS.

3555 331 3663 387 068

383 446 684 501 tabularum
710 442 789 514 (9)
821 457 915 511 per
944 441 1156 497 eosdem
1190 453 1388 510 pueros
1413 480 1427 504 ,
1456 441 1529 493 ita
1556 438 1919 494 continentem
1948 448 1964 486 :
1994 429 2050 491 A
2076 441 2125 487 te
2153 438 2543 503 exspectabant
2564 456 2724 511 opera
2753 440 2876 508 ista,
2904 444 3017 499 scio
3042 443 3180 514 quod
3225 458 3285 496 os
3320 456 3499 499 meum
3527 442 3659 498 eris.

308 592 311 595 ,
387 560 407 594 ς
441 539 636 596 Sancto
684 536 950 604 discipulo
999 534 1224 598 Christi,
1276 533 1549 604 peccatrix
1608 540 1663 585 et
1709 527 1965 593 discipula

384 632 603 688 diaboli.
637 628 826 685 Audivi
857 629 925 683 de
952 628 1063 681 Deo
1094 637 1185 679 tuo
1214 666 1230 691 ,
1262 625 1404 696 quod
1436 624 1603 679 cwlos
1648 620 1962 683 inclinavit,

384 736 440 780 et
468 724 740 779 descendit
770 736 931 790 super
979 730 1210 783 terram,
1260 733 1365 771 non
1399 725 1615 785 propter
1641 716 1836 785 justos,
1871 715 1965 769 sed

385 826 440 871 ut
468 824 774 884 peccatores
820 813 1053 867 salvaret
1096 809 1313 880 (Matth.
1346 810 1458 879 ix);
1501 810 1763 863 intantnm
1793 808 1970 861 humi-

387 907 546 960 liatus
569 947 584 969 ,
619 913 676 959 ut
705 902 1002 972 publicanis
1041 899 1584 969 approttinquaverit,
1625 906 1679 951 et
1709 898 1762 951 in
1808 911 1966 964 quem

384 996 663 1051 cherubim
712 993 983 1061 respicere
1024 1006 1133 1044 non
1165 990 1385 1051 audent,
1434 1002 1553 1041 cum
1596 988 1969 1056 peccatoribus

386 1094 731 1140 conversatus
785 1085 872 1138 sit.
922 1082 988 1137 Et
1037 1092 1125 1148 tu,
1182 1078 1397 1133 domine
1426 1093 1598 1141 meus,
1631 1078 1717 1143 qui
1751 1078 1967 1130 multam

385 1177 723 1231 sanctitatem
771 1174 956 1239 habes,
993 1172 1095 1227 etsi
1126 1169 1430 1226 carnalibus
1460 1169 1628 1224 oculis
1660 1170 1833 1236 ipsum
1869 1167 1969 1220 Do-

388 1268 590 1321 minum
621 1267 802 1321 Jesum
831 1264 1120 1329 Christum,
1172 1262 1263 1333 qui
1292 1277 1351 1317 se
1402 1262 1479 1316 illi
1527 1260 1741 1316 mulieri
1793 1274 1971 1314 mere-

387 1359 502 1413 trici
535 1359 885 1413 Samaritanac
922 1355 1282 1411 manifestavit
1312 1356 1377 1410 ad
1409 1365 1623 1424 puteum
1656 1353 1833 1423 (Joan.
1869 1352 1966 1422 tv),

385 1467 491 1504 non
523 1451 803 1520 aspexisti,
834 1458 1012 1502 tamen
1062 1461 1221 1501 verus
1263 1447 1441 1499 cultor
1478 1446 1623 1500 illius
1658 1460 1751 1510 es,
1779 1446 1916 1498 sicut
1945 1459 1972 1496 a

385 1543 701 1597 Christianis
724 1541 898 1593 audivi
928 1538 1307 1593 referentibus.
1341 1537 1397 1591 Si
1444 1551 1573 1591 vero
1600 1536 1742 1590 illius
1771 1534 1973 1588 Christi

386 1648 546 1687 verus
576 1649 632 1687 es
659 1630 970 1699 discipulus,
1018 1644 1125 1682 non
1170 1644 1255 1682 me
1288 1642 1528 1696 respuas,
1558 1642 1654 1695 per
1684 1636 1736 1680 te
1762 1626 1977 1681 deside-

389 1734 599 1779 rantem
643 1724 824 1777 videre
871 1722 1230 1785 Salvatorem,
1266 1728 1320 1771 ut
1350 1734 1445 1787 per
1474 1729 1524 1772 te
1556 1733 1765 1772 merear
1793 1718 1975 1771 videre

2076 525 2141 580 Et
2182 529 2360 582 statim
2421 533 2716 586 transmisit
2785 550 2993 589 mecum
3045 537 3313 590 dominam
3365 536 3662 591 Romanam

2075 621 2300 689 primam
2326 622 2768 679 d'aconissarutn.
2812 628 2940 691 Qua:
2973 628 3190 681 veniens
3218 670 3233 695 ,
3293 630 3493 683 invenit
3542 645 3663 686 eam

2074 712 2249 767 adhuc
2288 715 2352 767 ad
2406 716 2568 783 pedes
2610 720 2779 773 sancti
2813 719 2982 772 Nonui
3011 721 3245 789 episc0pi
3273 763 3288 786 ,
3320 724 3403 776 cui
3433 722 3517 776 vix
3545 739 3667 791 per-

2075 807 2240 859 suasit
2265 821 2484 875 surgere
2511 825 2539 861 a
2573 810 2794 877 pedibus
2824 811 2955 871 suis,
2986 812 3169 866 dicens
3201 831 3213 862 :
3248 813 3418 884 Surge
3444 855 3461 879 ,
3501 814 3608 869 ﬁlia
3649 855 3664 880 ,

2076 905 2131 948 ut
2164 897 2512 950 exorcizcris.
2538 897 2786 967 Dixitque
2808 900 2856 954 ei
2890 918 2903 954 :
2932 899 3202 957 Confitere
3230 904 3411 957 omnia
3441 917 3664 973 peccata

2077 993 2185 1037 tua.
2212 986 2345 1053 Quae
2368 988 2681 1055 respondit:
2710 991 2765 1044 Si
2810 1000 3139 1058 perscrutata
3187 992 3339 1048 fuero
3382 996 3663 1049 scientiam

2076 1076 2254 1128 cordis
2283 1078 2408 1142 mei,
2443 1093 2549 1132 non
2574 1079 2789 1134 invenio
2821 1082 2872 1135 in
2905 1097 2988 1137 me
3013 1084 3186 1151 aliqua
3212 1099 3373 1153 opera
3399 1086 3661 1141 bonorum

2077 1173 2311 1218 actuum.
2366 1168 2587 1221 Peccata
2630 1172 2770 1225 enim
2814 1187 2929 1226 mea
2959 1175 3102 1238 scio,
3138 1176 3279 1243 quod
3307 1191 3469 1231 arena
3500 1178 3664 1233 maris

2077 1258 2320 1326 graviora
2350 1257 2489 1323 sint;
2518 1275 2652 1330 aqua
2678 1263 2820 1316 enim
2844 1278 3105 1332 perparva
3128 1274 3211 1320 est
3235 1280 3345 1334 pra:
3371 1268 3516 1323 mole
3541 1283 3666 1339 pec-

2078 1360 2316 1405 catorum
2352 1368 2619 1409 meorum.
2642 1355 2866 1411 Conﬁdo
2895 1372 3022 1412 vero
3044 1359 3111 1413 de
3139 1360 3248 1415 Deo
3277 1371 3389 1426 tuo,
3420 1364 3561 1432 quod
3584 1365 3667 1419 di-

2080 1444 2254 1499 mittat
2283 1448 2491 1517 pondus
2537 1451 2882 1521 iniquitatum
2915 1469 3177 1521 mearum,
3210 1465 3268 1512 et
3294 1458 3549 1527 respiciat
3578 1476 3667 1515 su-

2079 1552 2174 1605 per
2206 1554 2309 1593 me.
2342 1540 2495 1597 Tunc
2524 1543 2658 1597 dixit
2685 1544 2749 1597 ad
2772 1561 2890 1601 eam
2924 1557 3143 1602 sanctus
3189 1548 3410 1604 Nonnus
3457 1552 3665 1619 episco—

2081 1641 2218 1693 pus:
2258 1629 2350 1684 Dic
2377 1633 2516 1700 quod
2559 1634 2629 1687 sit
2682 1650 2879 1691 nomen
2931 1639 3123 1691 tuum?
3174 1640 3305 1707 Qua:
3342 1643 3664 1710 respondit:

2080 1717 2313 1774 Naturali
2368 1724 2582 1779 nomine
2627 1725 2840 1795 Pelagia
2894 1738 3079 1782 vocata
3118 1744 3240 1785 sum
3280 1747 3309 1784 a
3359 1733 3666 1801 parentibus

387 1818 589 1871 vultum
620 1824 861 1870 sanctum
888 1829 1062 1868 suum.
1104 1831 1122 1863 ι
1160 1812 1312 1866 Tunc
1340 1813 1620 1880 rescripsit
1661 1811 1708 1865 ei
1757 1820 1973 1865 sanctus
2006 1812 2050 1873 Β
2081 1809 2213 1862 meis
2247 1827 2261 1867 :
2294 1812 2437 1866 cives
2464 1830 2590 1867 vero
2627 1816 2931 1873 Antiochia:
2960 1819 3297 1889 Margaritam
3323 1839 3407 1879 me
3442 1836 3656 1892 vocant,

387 1909 604 1964 Nonnus
656 1907 938 1978 episc0pns
976 1924 989 1961 :
1025 1925 1043 1957 t
1080 1906 1423 1974 Quazcunque
1453 1920 1533 1968 es,
1586 1902 1865 1957 manifesta
1916 1916 1976 1956 cs

387 1999 518 2065 Deo,
549 2008 605 2053 et
629 2009 715 2063 tu,
767 2009 817 2051 et
862 2005 1119 2050 tractatus
1151 2005 1293 2057 tuus,
1327 2006 1380 2049 et
1410 1996 1654 2048 voluntas
1685 2004 1793 2046 tua.
1826 1994 1977 2045 Atta-

388 2108 510 2146 nien
542 2093 662 2145 dico
692 2091 785 2145 tibi
809 2133 823 2156 ,
858 2105 923 2144 ne
960 2088 1089 2143 velis
1122 2098 1328 2142 tentare
1371 2087 1727 2141 humilitatem
1758 2099 1928 2138 meam
1958 2121 1973 2145 ,

387 2201 486 2255 ego
517 2184 656 2238 enin
704 2198 820 2236 sum
866 2186 1024 2235 homo
1069 2191 1317 2250 peccamr
1352 2194 1545 2233 servus
1597 2178 1712 2232 Dei.
1768 2177 1822 2232 Si
1878 2191 1975 2245 pro

387 2285 535 2329 certo
594 2276 758 2329 habes
808 2273 1130 2327 desiderium
1181 2271 1517 2339 divinitatis,
1571 2270 1819 2325 virtutem
1861 2271 2008 2323 adi-,

386 2370 628 2438 piscendi
675 2380 729 2425 et
779 2368 935 2422 ﬁdem
965 2410 977 2433 ,
1015 2377 1070 2421 et
1100 2382 1186 2421 me
1212 2368 1291 2419 vis
1319 2366 1503 2420 videre
1526 2410 1539 2433 ,
1592 2374 1717 2419 sunt
1764 2380 1973 2419 mecum

389 2459 624 2527 episcopi
655 2459 767 2525 alii;
794 2458 935 2523 veni,
959 2466 1015 2511 et
1042 2465 1167 2509 ante
1193 2470 1287 2509 eos
1317 2471 1402 2507 tne
1428 2455 1632 2508 videbis
1653 2499 1667 2523 ,
1703 2470 1823 2507 nam
1861 2455 1971 2507 sola

388 2567 477 2604 me
508 2550 692 2604 videre
735 2565 838 2603 non
874 2548 1155 2617 poteris.»
1189 2547 1320 2601 Cum
1354 2547 1466 2600 haec
1494 2548 1775 2616 relegisset
1803 2563 1975 2601 mere-

392 2644 520 2707 trix,
554 2642 747 2711 gaudio
778 2642 1002 2708 repleta,
1028 2655 1187 2693 cursu
1213 2639 1361 2693 venit
1393 2638 1457 2692 ad
1509 2639 1781 2693 basilicam
1834 2638 1972 2692 beati

389 2732 645 2800 martyris
671 2730 889 2796 Juliani,
919 2738 971 2784 et
1001 2729 1261 2783 nuntiavit
1283 2727 1438 2782 nobis
1458 2728 1525 2782 de
1546 2727 1829 2797 praesentia
1854 2742 1972 2781 sua.

391 2827 508 2892 Quo
538 2824 723 2877 audito
753 2832 971 2878 sanctus
999 2823 1219 2877 Nonnus
1248 2824 1554 2890 episcopus,
1587 2820 1797 2874 vocavit
1823 2821 1888 2874 ad
1916 2836 1974 2874 se

391 2931 577 2968 omnes
611 2913 701 2984 qui
732 2915 841 2969 illic
877 2915 1101 2968 aderant
1130 2916 1432 2982 episcopos,
1460 2922 1510 2965 et
1538 2912 1701 2979 jussit
1732 2926 1850 2965 eam
1885 2926 1975 2964 ve-

392 3008 506 3060 nire
529 3007 594 3060 ad
619 3021 695 3061 se.
714 3006 841 3072 Quae
861 3007 1123 3060 accedens
1150 3004 1237 3059 ubi
1266 3004 1573 3075 congregati
1597 3013 1747 3057 erant
1769 3002 1975 3070 episco-

392 3100 461 3167 pi,
492 3098 713 3166 jactavit
739 3113 797 3152 se
828 3097 879 3151 in
914 3098 1271 3165 pavimentum
1296 3138 1309 3159 ,
1335 3106 1389 3150 et
1414 3095 1766 3164 apprehendit
1808 3094 1974 3163 pedes

2082 1913 2298 1968 propter
2343 1906 2549 1971 pondus
2585 1918 3023 1963 ornamentorum
3067 1912 3258 1979 quibus
3298 1930 3380 1969 me
3425 1916 3657 1972 adorna-

2078 2002 2267 2044 verunt
2300 2005 2513 2060 peccata
2555 1996 2718 2068 379
2768 2015 2906 2053 mea.
2952 2001 3065 2071 Ego
3115 2005 3257 2057 enim
3300 2019 3441 2059 eram
3496 2022 3663 2062 orna-

2065 2094 2314 2154 mentum
2358 2096 2410 2139 et
2448 2099 2717 2155 comptum
2776 2098 3131 2161 ergasterium
3183 2095 3397 2153 diaboli.
3462 2099 3662 2154 lterum

2081 2174 2211 2228 dicit
2265 2177 2329 2230 ad
2369 2193 2486 2231 eam
2540 2193 2758 2236 sanctus
2796 2184 3017 2239 Nonnus
3052 2186 3338 2256 episcopus
3372 2204 3387 2242 :
3420 2189 3664 2245 Naturali

2080 2268 2299 2323 nomine
2343 2270 2553 2338 Pelagia
2592 2275 2846 2328 vocaris?
2906 2277 3034 2342 Qua:
3085 2280 3364 2348 respondit
3398 2297 3413 2334 :
3448 2280 3543 2341 lla,
3571 2282 3667 2337 do-

2081 2359 2245 2412 mine.
2279 2359 2395 2424 Quo
2425 2364 2626 2425 audito,
2658 2375 2876 2420 sanctus
2928 2367 3147 2422 Nonnus
3186 2371 3472 2440 episcopus
3511 2388 3670 2427 exor-

2078 2452 2269 2504 cizavit
2290 2468 2426 2517 eam,
2456 2465 2508 2507 et
2538 2455 2851 2524 baptizavit;
2885 2467 2941 2513 et
2967 2460 3220 2526 imposuit
3242 2462 3293 2514 ei
3323 2464 3533 2531 signum
3564 2463 3667 2517 Do.

2080 2545 2252 2609 mini,
2297 2546 2619 2615 tradiditque
2668 2549 2741 2602 illi
2787 2564 2983 2618 corpus
3043 2552 3261 2606 Christi.
3316 2552 3543 2623 Fuitque
3592 2554 3666 2609 illi

2084 2644 2255 2689 mater
2276 2636 2531 2704 spiritalis
2562 2650 2742 2693 sancta
2770 2640 2983 2695 domina
3014 2642 3286 2709 Romana,
3330 2646 3497 2711 prima
3547 2646 3663 2701 dia-

2079 2731 2410 2784 conissarum
2448 2748 2460 2783 :
2494 2748 2612 2796 quae
2644 2735 2911 2803 accipiens
2950 2750 3090 2801 eam,
3132 2739 3377 2793 ascendit
3419 2740 3474 2793 in
3526 2752 3664 2797 cate-

2079 2822 2399 2877 chumenum
2454 2824 2590 2894 (l2),
2643 2841 2710 2879 eo
2752 2828 2890 2894 quod
2938 2838 2991 2882 et
3031 2844 3132 2883 nos
3181 2830 3253 2884 ibi
3296 2846 3662 2890 maneremus.

2080 2915 2231 2969 Tunc
2258 2915 2385 2969 dicit
2417 2916 2482 2970 ad
2530 2932 2614 2971 me
2640 2928 2858 2973 sanctus
2894 2918 3118 2974 Nonnus
3155 2922 3441 2991 episcopus
3480 2965 3496 2981 .
3540 2925 3660 2979 Tibi

2079 3006 2200 3060 dico
2230 3050 2245 3073 ,
2309 3009 2476 3063 frater
2519 3010 2781 3077 diacone,
2831 3012 3074 3067 laetemur
3111 3014 3267 3069 hodie
3296 3031 3419 3070 cum
3458 3019 3663 3087 angelis

2080 3096 2198 3162 Dei,
2222 3108 2276 3151 et
2302 3099 2483 3153 oleum
2509 3109 2660 3154 extra
2677 3104 3114 3157 consuetudinem
3142 3120 3419 3161 sumamus
3441 3108 3493 3160 in
3516 3109 3658 3177 cibo,

392 3188 527 3242 beati
558 3187 731 3241 Nonni
754 3186 1212 3255 episcupi,dicens
1232 3203 1245 3238 :
1265 3184 1415 3253 Rogo
1443 3195 1520 3249 te,
1546 3184 1766 3239 domine
1798 3198 1967 3250 meus,
1998 3186 2047 3251 C
2076 3195 2129 3240 et
2160 3188 2337 3241 vinum
2369 3204 2489 3243 cum
2526 3190 2709 3244 lzetitia
2756 3192 2981 3261 spiritali
3027 3193 3352 3263 accipiamus
3380 3239 3396 3265 ,
3438 3208 3661 3268 propter

393 3281 603 3333 imitare
634 3279 944 3348 magistrum
977 3288 1128 3331 tuum
1162 3277 1442 3331 Dominum
1467 3276 1649 3330 Jesum
1671 3276 1971 3338 Christum,

394 3384 445 3429 et
472 3374 687 3428 effunde
711 3388 871 3442 super
893 3387 979 3427 me
1003 3382 1147 3425 tuam
1178 3371 1494 3435 bonitatem,
1524 3378 1579 3425 et
1605 3370 1689 3425 fac
1711 3384 1798 3423 me
1822 3366 1971 3422 Chri-

394 3466 647 3520 Stianatn.
683 3466 791 3537 Ego
820 3466 963 3520 enim
991 3478 1132 3532 sum,
1157 3464 1373 3517 domine
1413 3476 1586 3527 meus,
1616 3462 1829 3530 pelagus
1862 3474 1978 3530 pec-

395 3566 637 3611 catorum
668 3569 721 3612 et
750 3559 976 3627 abyssus
1006 3554 1318 3624 iniquitatis.
1352 3552 1483 3608 Peto
1506 3568 1593 3608 me
1624 3552 1902 3620 baptizari.

464 3645 735 3701 Car.Vlll.
767 3675 834 3687 -—
864 3646 996 3699 Cum
1046 3644 1133 3697 vix
1180 3658 1297 3697 eam
1354 3643 1709 3711 persuasisset
1760 3650 1977 3695 sanctus

395 3737 613 3794 Nonnus
643 3737 931 3806 episcopus
962 3750 1182 3804 surgere
1206 3750 1235 3787 a
1268 3735 1492 3802 pedibus
1520 3734 1631 3787 suis
1655 3773 1673 3798 ,
1710 3746 1832 3786 cum
1859 3746 1978 3785 sur-

395 3828 671 3896 rexisset,
704 3827 835 3882 dicit
862 3825 929 3881 ad
966 3842 1084 3881 eam
1117 3842 1131 3878 :
1165 3826 1410 3879 Canones
1455 3826 1571 3893 (l0)
1617 3823 1978 3877 sacerdotales

396 3920 680 3974 continent
705 3934 808 3973 non
842 3917 1099 3987 baptizari
1121 3917 1487 3978 meretricem,
1506 3915 1606 3968 nisi
1632 3913 1979 3983 ﬁdejussores

396 4008 726 4077 praestiterit,
755 4018 814 4061 ut
845 4023 949 4062 non
981 4020 1040 4061 se
1069 4007 1260 4061 iterum
1294 4008 1346 4060 in
1378 4007 1507 4074 ipsis
1531 4006 1684 4059 malis
1711 4006 1975 4059 revolvat.

397 4100 525 4165 Quae
549 4098 771 4152 audiens
804 4097 962 4151 talem
989 4096 1224 4166 episcopi
1250 4096 1569 4149 sententiam
1602 4136 1617 4162 ,
1656 4094 1884 4164 jactavit
1919 4108 1980 4147 se

396 4192 593 4244 iterum
627 4190 679 4242 in
708 4189 1070 4258 pavimentum
1103 4228 1119 4254 ,
1151 4197 1204 4240 et
1235 4186 1586 4255 apprehendit
1616 4187 1778 4255 pedes
1810 4184 1981 4240 sancti

398 4282 570 4337 Nonni
595 4321 609 4344 ,
638 4289 693 4334 et
719 4285 862 4349 ipsos
894 4279 1145 4349 lacrymis
1174 4277 1285 4331 suis
1323 4276 1488 4343 lavit,
1530 4286 1586 4330 et
1625 4276 1831 4345 capillis
1868 4277 1983 4330 suis

398 4376 734 4445 extergebat,
761 4373 945 4427 dicens
974 4387 993 4426 :
1030 4372 1309 4425 Rationem
1332 4370 1525 4424 reddas
1546 4370 1655 4424 Deo
1682 4384 1777 4438 pro
1797 4367 1974 4422 anima

400 4486 541 4535 mea,
574 4480 629 4524 et
654 4470 746 4524 tibi
775 4467 1042 4523 ascribam
1070 4466 1375 4536 iniquitates
1400 4466 1658 4521 factorum
1692 4481 1931 4521 meorum
1962 4507 1977 4533 ,

2077 3278 2300 3332 Salutem
2344 3278 2503 3348 hujus
2537 3273 2748 3345 puellae.

2150 3368 2277 3423 CAP.
2306 3369 2819 3426 lX.—Sumentibus
2846 3384 2978 3425 vero
3004 3372 3157 3426 nobis
3197 3374 3399 3438 cibum,
3422 3372 3654 3429 audiun-

2081 3469 2167 3512 tur
2198 3474 2363 3514 voces
2392 3461 2590 3525 subito,
2618 3462 2764 3515 velut
2805 3460 3036 3516 hominis
3068 3463 3157 3531 qui
3187 3463 3492 3518 violentiam
3521 3465 3656 3533 pati-

2082 3561 2165 3606 tur
2195 3568 2209 3605 :
2241 3552 2485 3605 diabolus
2513 3554 2653 3605 enim
2678 3551 2956 3606 clamavit.
2981 3551 3165 3607 dicens
3196 3571 3209 3607 :
3242 3552 3353 3617 νιν,
3384 3556 3498 3608 vae!
3531 3554 3659 3624 quid

2085 3645 2257 3713 patior
2286 3660 2315 3698 a
2343 3644 2614 3713 decrepito
2638 3660 2767 3699 sene
2794 3644 2929 3698 istn?
2974 3644 3090 3699 Non
3138 3645 3229 3699 tibi
3257 3646 3531 3699 sufﬁciunt
3560 3646 3657 3699 tri-

2081 3735 2229 3801 ginta
2260 3734 2424 3789 millia
2458 3733 2901 3799 Sarracenorum,
2930 3749 3066 3804 quos
3112 3736 3238 3787 mihi
3279 3735 3558 3799 abripuisti
3608 3746 3661 3790 et

2084 3826 2384 3893 baptizasti,
2416 3834 2466 3878 et
2498 3825 2738 3879 obtulisti
2770 3825 2879 3878 Deo
2907 3826 3028 3878 tuo?
3056 3824 3170 3878 Non
3223 3826 3315 3877 tibi
3363 3825 3663 3880 sufﬁciebat

2087 3916 2401 3985 Heliopolis,
2434 3918 2681 3985 quoniam
2705 3932 2825 3970 cum
2852 3918 3033 3982 etipsa
3065 3931 3178 3970 mea
3207 3926 3375 3981 esset,
3397 3926 3452 3970 et
3476 3932 3662 3970 omnes

2084 4008 2172 4074 qui
2206 4007 2257 4059 in
2288 4021 2350 4060 ea
2381 4006 2709 4069 habitabant,
2752 4021 2836 4060 me
2885 4007 3193 4067 adorarent,
3244 4018 3298 4059 tu
3350 4009 3474 4062 mihi
3517 4008 3660 4060 abri-

2085 4098 2246 4166 puisti
2274 4107 2327 4152 et
2354 4098 2591 4152 obtulisti
2645 4099 2756 4151 Deo
2809 4099 2940 4151 tuo?
2997 4099 3099 4153 Sed
3127 4108 3181 4153 et
3210 4116 3351 4152 nunc
3382 4100 3660 4153 maximam

2084 4204 2236 4257 spem
2269 4205 2442 4243 meam
2475 4191 2737 4245 abstulisti
2762 4208 2790 4244 a
2822 4207 2931 4256 me,
2962 4193 3071 4260 jam
3102 4207 3245 4245 nunc
3272 4208 3376 4246 non
3410 4192 3523 4247 fero
3550 4207 3665 4245 ma-

2087 4280 2432 4335 chinationes
2465 4291 2603 4335 tuas.
2633 4282 2676 4337 Ο
2696 4283 2804 4350 jam
2828 4284 2950 4348 quid
2980 4285 3151 4352 patior
3172 4300 3199 4337 a
3221 4284 3507 4338 damnabili
3534 4286 3664 4341 isto!

2088 4372 2372 4426 Maledicta
2403 4373 2517 4426 dies
2547 4374 2659 4438 illa,
2688 4374 2741 4427 in
2791 4390 2893 4441 qua
2924 4383 3085 4429 natus
3115 4390 3172 4428 es
3201 4383 3254 4427 ttt
3289 4393 3303 4428 :
3347 4375 3557 4428 ﬁumina
3587 4375 3661 4426 la-

2087 4478 2393 4532 crymarum
2429 4465 2638 4518 inﬁrmo
2691 4465 2918 4532 hospitio
2949 4465 3222 4528 inundant,
3250 4465 3358 4533 jam
3389 4477 3509 4531 spes
3540 4478 3658 4516 mea

397 4565 443 4618 si
497 4561 774 4617 distuleris
824 4576 910 4614 me
960 4561 1191 4628 iniquam
1221 4569 1276 4613 et
1300 4558 1663 4627 turpissimam
1687 4558 1978 4629 baptizare.
2010 4544 2066 4606 Ι)
2091 4554 2362 4608 abstracta
2388 4563 2493 4610 est.
2522 4554 2622 4608 Ista
2654 4558 2832 4609 omnia
2862 4557 3128 4608 clamabat
3168 4555 3421 4618 diabolus,
3471 4562 3525 4606 et
3582 4553 3663 4606 la-

397 4656 511 4711 Non
560 4656 801 4711 invenias
852 4654 1155 4724 portionem
1189 4653 1330 4722 apud
1372 4652 1540 4708 Deunt
1574 4668 1693 4707 cum
1738 4654 1936 4708 sanctis
1962 4692 1978 4719 ,

399 4749 498 4802 nisi
524 4763 610 4803 me
634 4762 775 4801 nunc
804 4746 992 4800 feceris
1020 4745 1247 4798 alienam
1280 4744 1543 4798 malorum
1572 4759 1798 4814 operum
1829 4759 1980 4798 meo-

398 4856 536 4895 rum.
569 4838 741 4908 Negcs
784 4838 973 4899 Deum,
997 4848 1051 4890 et
1085 4835 1221 4890 idola
1252 4839 1461 4901 adores,
1494 4834 1592 4888 nisi
1624 4851 1708 4889 me
1740 4835 1901 4889 hodie
1927 4835 1980 4889 in

399 4945 648 4995 sponsam
698 4928 898 4982 Christi
945 4927 1153 4981 renasci
1185 4925 1411 4991 feceris,
1457 4935 1514 4979 et
1557 4926 1817 4981 obtuleris
1850 4926 1976 4980 Deo.

399 5023 549 5076 Tunc
579 5036 770 5076 omnes
792 5020 1028 5089 episc0pi
1073 5026 1130 5071 et
1168 5017 1347 5071 clerici
1371 5019 1459 5087 qui
1496 5028 1883 5083 convenerunt,
1905 5019 1986 5071 vi-

401 5116 591 5167 dentes
620 5114 778 5165 talem
810 5109 1164 5178 peccatricem
1202 5123 1298 5175 pro
1326 5108 1545 5162 Deitatis
1574 5108 1842 5162 desiderio
1866 5107 1989 5161 talia

402 5204 728 5271 loquentem,
764 5201 1091 5253 admirantes
1136 5198 1389 5254 dicebant
1427 5214 1697 5268 nunquam
1740 5214 1799 5254 se
1827 5200 1985 5252 talem

402 5294 600 5348 vidisse
633 5295 791 5348 ﬁdem
814 5304 868 5346 et
890 5293 1211 5349 desiderium
1238 5294 1442 5359 salutis,
1469 5293 1606 5346 sicut
1629 5292 1786 5360 hujus
1816 5307 1989 5347 mere-

408 5387 577 5442 tricis.
610 5388 668 5439 Et
698 5387 881 5439 statim
906 5388 1318 5440 transmiserunt
1341 5402 1426 5440 me
1451 5397 1785 5453 peccatmem
1808 5385 1986 5439 diaco-

409 5498 532 5535 num
563 5481 629 5533 ad
662 5480 971 5547 episcopum
1019 5480 1251 5534 civitatis
1277 5524 1290 5548 ,
1333 5490 1391 5533 ut
1434 5480 1546 5532 lucc
1574 5478 1748 5531 omnia
1781 5479 1827 5531 ei
1857 5479 1987 5531 insi-

409 5586 665 5635 nuarem,
711 5578 768 5624 et
810 5585 966 5624 unam
1012 5571 1079 5625 de
1124 5571 1580 5641 diaconissis(ll)
1618 5570 1831 5637 juberet
1870 5570 1989 5637 cjus

409 5660 680 5719 beatitudo
707 5664 1072 5718 transmittere
1104 5677 1336 5718 mecum.
1375 5662 1476 5729 Qui
1506 5661 1748 5725 audiens,
1779 5663 1990 5716 laniatus

411 5764 493 5811 est
516 5755 712 5826 gaudio
739 5770 934 5827 magno
955 5795 970 5822 ,
998 5755 1180 5812 dicens
1211 5772 1227 5811 :
1260 5754 1423 5819 Bene,
1456 5763 1608 5824 pater
1637 5754 1989 5824 honorabilis,

2092 4646 2432 4698 mentabatur
2459 4654 2582 4698 ante
2597 4644 2814 4713 januas,
2838 4652 2891 4697 et
2919 4645 3226 4698 audiebatur
3255 4645 3368 4709 ipse
3400 4642 3469 4695 ab
3497 4642 3667 4695 omni-

2092 4738 2193 4792 bus
2224 4736 2553 4789 hominibus.
2587 4736 2653 4787 Et
2682 4736 2873 4789 iterum
2924 4746 3195 4803 repetens,
3228 4733 3292 4786 ad
3341 4731 3669 4800 neopltytam

2096 4827 2324 4895 puellam
2356 4826 2492 4879 dixit
2525 4844 2537 4879 :
2571 4826 2693 4879 Haec
2724 4828 2852 4878 mihi
2882 4826 3032 4889 facis,
3063 4827 3274 4878 domina
3303 4840 3418 4877 mea
3442 4825 3667 4889 Pelagia,

2094 4930 2146 4973 et
2172 4928 2225 4970 tu
2254 4932 2431 4971 meum
2461 4917 2651 4970 Judam
2697 4914 2956 4968 imitaris?
3007 4916 3096 4969 llle
3142 4918 3282 4969 enim
3312 4916 3474 4985 gloria
3504 4924 3559 4968 et
3584 4914 3666 4965 ho-

2095 5024 2226 5065 nore
2247 5018 2556 5074 coronatus,
2580 5017 2633 5062 et
2663 5008 2937 5075 apostolus
2960 5009 3301 5068 constitutus,
3339 5008 3553 5059 tradidit
3577 5008 3673 5062 Do-

2094 5101 2296 5156 minum
2326 5117 2503 5167 suum,
2539 5102 2609 5154 ita
2639 5110 2695 5155 et
2728 5111 2781 5153 tu
2834 5100 2966 5153 mihi
3021 5098 3215 5152 fecisti.
3260 5098 3409 5151 Tunc
3453 5100 3581 5151 dicit
3610 5097 3673 5153 ad

2094 5210 2211 5249 eam
2239 5203 2455 5250 sanctus
2489 5195 2706 5247 Nonnus
2739 5192 3021 5262 episc0pus
3048 5209 3059 5242 :
3083 5192 3241 5261 Signa
3274 5199 3326 5243 te
3348 5205 3506 5244 cruce
3527 5189 3675 5243 Chri-

2095 5291 2185 5353 sti,
2239 5300 2292 5343 et
2337 5288 2649 5342 abrenuntia
2704 5286 2772 5339 ci.
2825 5286 2953 5352 Qum
2983 5286 3212 5353 signavit
3262 5298 3320 5337 se
3367 5283 3420 5336 in
3463 5280 3678 5336 nomine

2096 5380 2316 5444 Christi,
2335 5388 2388 5434 et
2406 5377 2691 5433 insulﬁavit
2718 5378 2771 5430 in
2794 5376 3117 5441 dtemonem,
3135 5382 3190 5429 et
3214 5375 3391 5428 statim
3420 5386 3679 5441 nusquam

2093 5471 2412 5537 c0mparuit.

2165 5564 2294 5618 Car.
2331 5561 2601 5617 X.-—Post
2647 5560 2860 5615 biduum
2912 5574 3061 5628 ergo,
3105 5557 3411 5612 dormiente
3458 5571 3523 5609 ea
3555 5570 3681 5612 cum

2096 5666 2277 5710 sancta
2311 5654 2547 5708 Romana
2578 5661 2873 5707 commatre
2913 5667 3008 5705 sua
3060 5652 3112 5705 in
3161 5649 3408 5705 cubicqu
3438 5664 3557 5714 suo,
3590 5665 3682 5717 ap-

2100 5749 2275 5820 paruit
2300 5746 2545 5803 diabolus
2572 5753 2754 5814 nocte,
2786 5753 2841 5800 et
2866 5743 3147 5799 suscitavit
3176 5740 3425 5798 ancillam
3453 5740 3549 5797 Dei
3581 5739 3657 5794 Pe

1822 6248 2221 6276 53:13:21;
