4020 6240
292 293 391 348 669

1221 290 1374 343 VITA
1417 286 1707 343 SANC'I'E
1748 285 2096 354 PELAGH‘I,
2138 288 2572 343 MERETRICIS.

3433 291 3539 344 6'70

289 406 501 477 lagiam,
529 413 583 459 et
608 404 820 459 dicebat
851 422 863 457 :
896 405 1041 475 Rogo
1065 415 1136 471 te,
1163 405 1379 459 domina
1408 417 1527 457 mea
1554 403 1854 472 Margarita,
1886 409 1931 463 Α
1965 402 2095 469 petii
2125 402 2433 471 episcopum
2458 418 2659 464 meum.
2692 411 2749 457 ut
2780 418 2865 458 me
2912 403 3242 473 permitteret
3272 403 3371 459 ire.
3406 404 3538 458 Dum

290 495 526 565 nunquid
561 511 664 549 non
697 511 761 549 ex
789 510 919 549 auro
946 505 1000 546 et
1038 505 1259 563 argento
1305 495 1467 548 ditata
1498 494 1595 547 es?
1623 492 1858 560 nunquid

297 603 403 641 non
434 601 498 640 ex
527 600 657 639 auro
687 596 741 640 et
769 587 990 651 gemmis
1020 586 1264 653 pretiosis
1294 582 1547 637 adornavi
1578 583 1667 636 te?
1712 581 1863 652 Rogo

286 686 364 742 te,
410 676 536 745 quid
583 684 635 729 te
679 675 1026 729 eontristavi?
1067 674 1346 740 Responde
1378 674 1531 740 mihi,
1562 683 1617 726 ut
1647 672 1858 726 satisfa-

288 770 428 824 ciam
462 769 577 834 libi,
610 776 810 821 tantum
840 782 905 818 ne
937 781 1019 818 me
1038 766 1198 819 facias
1219 765 1563 833 opprobrium
1595 763 1860 818 Christia—

288 876 503 916 norum.
520 860 669 911 Tunc
690 858 876 910 ancilla
899 857 985 908 Dei
1011 855 1220 925 Pelagia
1247 855 1475 923 signavit
1499 868 1579 916 se,
1612 864 1663 907 et
1679 852 1863 906 exsuf-

287 952 431 1008 ﬂavit
462 951 513 1003 in
543 950 863 1009 da-mouem,
895 947 1115 1001 dicens:
1148 946 1287 1000 Deus
1323 960 1493 1007 meus,
1541 946 1627 1011 qui
1670 944 1860 1011 eripn't

287 1057 375 1096 me
398 1040 462 1094 de
490 1038 663 1092 medio
689 1037 930 1091 dentium
960 1048 1189 1100 tuorum,
1206 1048 1259 1091 et
1285 1035 1491 1088 induxit
1512 1035 1562 1088 in
1585 1035 1855 1089 caelestem

293 1132 580 1187 thalamum
612 1144 784 1191 suum,
819 1128 933 1196 ipse
962 1127 1051 1181 tibi
1084 1127 1296 1182 resistet
1319 1140 1418 1195 pro
1444 1140 1549 1179 me.
1588 1125 1651 1176 Et
1674 1124 1853 1177 statim

287 1236 543 1292 nusquam
571 1220 863 1286 comparuit
890 1219 1147 1274 diabolus.

358 1311 484 1367 CAP.
517 1310 871 1365 XI.—Tertia
900 1324 1028 1362 vero
1057 1309 1163 1373 die,
1218 1316 1558 1377 posteaquam
1590 1305 1853 1372 baptizata

288 1412 370 1458 est
399 1412 578 1457 saneta
610 1401 840 1468 Pelagia,
870 1400 1072 1468 rogavit
1092 1414 1307 1467 puerum
1331 1396 1610 1465 suum,qni
1633 1402 1857 1463 praeerat

286 1493 453 1548 rebus
482 1493 597 1561 ejus
627 1490 897 1555 omnibus,
926 1498 978 1543 et
999 1489 1204 1542 dieitad
1229 1503 1347 1541 eum
1380 1504 1392 1539 :
1422 1486 1568 1540 Vade
1591 1486 1643 1539 in
1666 1486 1856 1538 vestia-

289 1584 427 1639 rium
458 1598 657 1647 meum,
690 1591 744 1636 et
779 1581 953 1635 scribe
979 1582 1155 1633 omnia
1183 1593 1300 1648 qua:
1330 1587 1455 1632 sunt
1483 1587 1587 1631 tam
1630 1578 1680 1630 io
1726 1592 1856 1630 auro

288 1692 443 1747 quain
468 1677 519 1730 in
546 1684 787 1742 argento,
811 1674 893 1728 vel
923 1674 973 1725 in
1002 1673 1333 1726 ornamentis
1362 1681 1452 1724 aut
1476 1670 1708 1724 vestibus
1740 1682 1855 1735 pre-

1969 508 2054 547 me
2085 495 2416 561 permisisset
2475 496 2571 558 ire,
2624 494 2753 547 dicit
2798 495 2864 547 ad
2898 510 2983 548 me
3015 511 3030 546 :
3063 494 3179 548 Tibi
3207 496 3346 555 dico,
3376 498 3539 548 lrater

1961 581 2213 647 diacone,
2245 584 2369 637 dum
2416 584 2726 652 perveneris
2778 583 3184 655 lerosolymaui,
3226 587 3438 652 require
3469 585 3537 637 ihi

1961 675 2243 741 quemdam
2301 674 2515 727 fratrem
2570 673 2864 742 Pelagium,
2918 677 3233 728 monachum
3277 687 3329 727 et
3359 689 3535 727 eunu-

1960 766 2143 830 chum,
2172 765 2261 834 qui
2287 766 2481 819 multos
2507 780 2678 818 annos
2706 765 2980 820 habitabat
3007 767 3058 819 in
3089 764 3370 819 solitudine
3390 764 3533 818 elati-

1960 871 2071 921 sus,
2103 858 2256 924 quasi
2287 872 2407 910 eum
2451 857 2793 921 visitaturus;
2825 873 2951 911 vere
2977 858 3120 911 enim
3151 855 3348 925 pcteris
3371 855 3440 908 ab
3468 868 3537 908 eo

1956 947 2154 1015 juvari.
2188 946 2310 1001 Haac
2335 957 2512 1001 autem
2541 949 2718 1001 omnia
2741 946 2953 1001 dicebat
2980 945 3110 1000 mihi
3139 945 3207 1000 de
3225 944 3417 998 ancilla
3440 941 3536 997 Dei

1958 1038 2169 1108 Pelagia
2200 1055 2302 1092 non
2329 1040 2630 1095 manifeste-
2813 1028 2818 1032 ’

2027 1129 2156 1183 CAP.
2192 1130 2630 1184 XIV.——Perveni
2662 1144 2789 1199 ergo
2817 1128 3295 1197 Jerosolymam,et
3315 1124 3531 1180 adoravi

1958 1230 2202 1272 sanetam
2234 1221 2685 1273 resurrectionem
2715 1218 2921 1272 Domini
2954 1220 3120 1273 nostri
3143 1218 3268 1273 .lesu
3294 1217 3489 1272 Christi
3515 1232 3530 1268 :

1965 1318 2023 1360 et
2046 1308 2146 1361 alia
2173 1310 2261 1363 die
2283 1309 2532 1377 requisivi
2557 1322 2768 1362 servum
2799 1308 2912 1362 Dei.
2944 1308 3008 1361 Et
3036 1307 3257 1371 accessi,
3280 1317 3335 1361 et
3354 1305 3532 1360 inveni

1962 1414 2082 1451 eum
2112 1400 2164 1452 in
2193 1409 2371 1452 monte
2396 1398 2612 1462 Oliveti,
2637 1398 2725 1451 ubi
2753 1394 3007 1451 Dominus
3027 1400 3220 1464 oravit,
3246 1398 3297 1450 in
3323 1395 3529 1450 modica

1961 1487 2146 1539 cellula
2178 1488 2409 1555 undique
2454 1487 2827 1549 eireumclusa,
2853 1496 2907 1539 et
2949 1501 3163 1553 parvam
3197 1484 3529 1538 fenestellam

1962 1577 2221 1629 habuerat
2252 1579 2301 1629 in
2328 1578 2549 1644 pariete.
2587 1576 2651 1628 Et
2683 1575 2916 1644 percussi
2936 1576 3129 1628 ostium
3162 1575 3527 1635 fenestellulze,

1961 1678 2015 1721 ct
2042 1670 2220 1721 statim
2254 1669 2461 1736 aperuit
2491 1667 2643 1734 mihi,
2675 1676 2728 1719 et
2757 1667 3004 1732 cognovit
3054 1680 3140 1717 me
3191 1682 3203 1715 :
3255 1679 3353 1732 ego
3402 1676 3530 1715 vero

288 1767 462 1833 tiosis,
487 1776 538 1820 et
567 1765 699 1819 aller
728 1763 879 1817 mihi.
914 1764 1048 1817 Puer
1079 1763 1199 1816 fecit
1225 1761 1362 1816 sicut
1392 1761 1641 1829 praecepit
1671 1761 1717 1811 ci
1752 1757 1850 1810 do-
1887 1750 1928 1804 Β
1958 1773 2062 1812 non
2087 1757 2757 1827 cognovieam.Quomodo
2781 1756 2924 1808 enim
2943 1766 3178 1822 poteram
3205 1765 3528 1821 cognoscere

286 1860 428 1914 mina
458 1875 572 1923 sua,
605 1867 659 1911 et
684 1871 893 1910 omnem
925 1855 1271 1909 substantiam
1301 1868 1450 1906 suam
1483 1852 1689 1904 detulit.
1724 1850 1853 1914 Qua:

289 1950 466 2004 statim
492 1946 698 2001 vocavit
718 1953 954 1999 sanctum
986 1943 1231 1997 Nonnum
1286 1943 1591 2010 episcopum
1618 1956 1710 2007 per
1738 1954 1857 1990 san-

287 2050 431 2095 ctam
484 2040 777 2093 Romanam
825 2045 1169 2091 commatrem
1202 2050 1370 2094 suam.
1404 2043 1459 2088 Cl
1485 2048 1695 2086 omnem
1736 2032 1861 2085 Sllb-

290 2130 537 2184 stantiam
571 2144 719 2183 suam
746 2129 922 2197 posuit
950 2131 1001 2180 in
1033 2126 1276 2180 manibus
1321 2125 1457 2193 ejus,
1508 2124 1691 2177 dicens
1722 2141 1736 2175 :
1771 2123 1860 2174 lla:

290 2231 438 2287 sunt,
470 2221 704 2284 domine,
737 2219 936 2273 divitia:
984 2219 1177 2287 quibus
1225 2217 1411 2271 ditavit
1458 2230 1568 2269 me.
1590 2212 1814 2266 Satanas
1845 2228 1858 2265 :

292 2314 391 2364 has
429 2308 579 2363 trado
609 2311 659 2363 in
692 2309 911 2363 arbitrio
941 2309 1241 2361 sanctitatis
1273 2316 1395 2371 tuae,
1443 2312 1494 2357 et
1542 2303 1680 2372 quod
1725 2302 1862 2354 nosti

293 2403 571 2470 expedire,
598 2402 759 2455 facias
781 2417 843 2455 ex
868 2402 968 2462 eis,
999 2400 1126 2453 mihi
1149 2400 1287 2452 enim
1314 2396 1557 2466 Optanda:
1580 2404 1702 2448 sunt
1732 2393 1861 2445 divi-

296 2496 384 2548 tia:
411 2494 626 2548 Domini
649 2493 749 2547 mei
777 2492 900 2546 Jesu
930 2491 1145 2545 Christi.
1182 2489 1281 2555 Qui
1312 2488 1491 2541 statim
1534 2487 1740 2537 vocavit
1767 2498 1861 2537 cu-

293 2587 498 2640 stodem
529 2585 769 2638 ecclesiae
802 2584 1168 2645 seniorem;et
1194 2582 1304 2648 ipsa
1336 2586 1622 2647 praesente,
1649 2590 1861 2629 omnem

300 2679 657 2732 substantiam
688 2677 802 2743 ejus
833 2674 885 2729 in
934 2675 1173 2726 inanibus
1203 2672 1338 2725 illius
1370 2668 1602 2734 tradidit,
1634 2668 1814 2737 dicens
1847 2683 1860 2717 :

300 2772 502 2837 Adjuro
549 2779 599 2821 te
648 2783 741 2835 per
789 2764 1196 2833 inseparabilem
1250 2762 1584 2823 Trinitatem,
1634 2773 1701 2812 ne
1737 2756 1862 2826 quid

297 2864 421 2918 hinc
450 2863 500 2916 in
529 2860 854 2929 episc0pium
885 2870 974 2912 aut
1001 2859 1051 2911 iu
1080 2856 1361 2911 ecclesiam
1391 2853 1734 2922 ingrediatur,
1769 2850 1862 2904 sed

299 2954 465 3023 magis
506 2952 677 3005 viduis
708 2960 757 3005 et
789 2950 1039 3018 orphanis
1064 2959 1116 3002 et
1144 2945 1461 3016 pauperibus
1506 2949 1774 3010 erogetur,
1809 2947 1866 2992 ut

301 3044 437 3112 quod
466 3044 606 3097 male
629 3050 911 3095 attractum
936 3050 1035 3105 est,
1062 3042 1193 3092 bene
1216 3036 1651 3098 dislribuatur,el
1669 3032 1865 3086 divitia!

302 3133 612 3202 peccatricis
645 3131 773 3184 liant
803 3131 1034 3183 thesauri
1059 3131 1300 3197 justitize.
1330 3126 1384 3181 Si
1414 3141 1544 3179 vero
1574 3133 1753 3189 Spreto
1781 3138 1867 3176 sa-
1894 3099 1939 3158 ε

300 3234 600 3293 cramento,
630 3225 741 3279 sive
772 3238 866 3292 per
896 3232 966 3287 te,
990 3222 1101 3275 sive
1127 3238 1218 3287 per
1244 3218 1526 3289 quemlibet
1557 3218 1715 3269 alium
1744 3214 1868 3267 sub-

300 3320 526 3374 traxeris
552 3317 618 3373 de
650 3317 728 3369 his
751 3314 1056 3385 quidquam,
1086 3311 1367 3363 anathema
1412 3307 1736 3377 ingrediatur
1766 3306 1867 3356 do-

301 3429 445 3466 mum
476 3411 613 3479 ejus,
643 3420 691 3462 et
723 3423 841 3462 cum
874 3406 979 3459 illis
1009 3404 1200 3457 habeat
1226 3410 1427 3472 partem
1460 3399 1548 3468 qui
1573 3401 1820 3451 dixerunt
1852 3413 1867 3449 :

302 3504 675 3571 Cruciligatur,
695 3500 1054 3567 eruciligatur.
1083 3496 1175 3549 Illa
1200 3510 1325 3548 vero
1351 3491 1661 3547 convocavit
1686 3504 1872 3542 omnes

304 3612 500 3667 pueros
545 3604 600 3650 et
638 3594 836 3663 puellas
888 3605 1031 3656 suas,
1080 3598 1129 3641 et
1171 3586 1414 3641 liberavit
1464 3598 1680 3637 omnes:
1708 3582 1872 3634 dona-

305 3692 490 3757 vitque
521 3697 689 3740 tortos
725 3683 838 3754 (l5)
886 3696 1075 3736 aureos
1102 3681 1179 3734 eis
1208 3681 1275 3732 de
1316 3692 1472 3731 manu
1504 3690 1620 3739 sua,
1644 3674 1826 3726 dicens
1855 3687 1869 3722 :

305 3776 602 3840 Festinate,
649 3784 703 3828 et
734 3776 955 3827 liberate
981 3786 1073 3823 vos
1110 3771 1177 3824 de
1230 3771 1328 3822 hoc
1375 3766 1570 3819 smequ
1624 3777 1871 3829 nequam,

304 3873 462 3939 pleno
490 3865 743 3937 peccatis,
777 3877 829 3918 ut
861 3867 996 3919 sicut
1024 3863 1218 3915 fuimus
1248 3862 1299 3913 in
1344 3860 1443 3913 hoc
1473 3856 1669 3912 saeculo
1692 3854 1872 3920 simul,

306 3964 376 4017 ita
406 3960 564 4019 simul
596 3970 1002 4026 permaneamus
1046 3955 1161 4008 sine
1200 3952 1384 4005 dolore
1417 3950 1469 4002 in
1502 3947 1610 4000 vita
1640 3945 1726 3999 illa
1755 3958 1874 4014 qua:

308 4061 388 4107 est
410 4050 733 4105 beatissima.

377 4139 503 4193 Car.
532 4137 921 4192 Xll.—Octava
952 4147 1079 4185 vero
1127 4131 1233 4192 die.
1282 4129 1493 4201 quando
1524 4127 1755 4181 habebat
1778 4125 1873 4179 de-

310 4234 620 4299 positionem
641 4229 881 4283 albarum
907 4226 1101 4289 facere,
1120 4239 1342 4292 surgens
1364 4233 1539 4282 nocte,
1555 4219 1707 4272 nobis
1730 4219 1877 4283 igno-

316 4323 567 4387 rantibus,
601 4320 849 4387 deposuit
880 4326 1082 4369 vestem
1117 4314 1448 4380 baptismatis
1484 4310 1586 4372 sui,
1628 4318 1679 4361 et
1708 4307 1873 4359 induit

308 4428 364 4465 se
388 4412 612 4464 tunicam
639 4408 881 4461 tricinam
909 4405 1113 4475 (H),et
1142 4402 1334 4455 hirram
1365 4397 1476 4467 (15)
1505 4395 1673 4449 sancti
1702 4394 1868 4447 Nonni

304 4505 560 4571 episcopi,
604 4512 657 4555 et
687 4516 750 4555 ex
783 4501 868 4553 illa
900 4499 987 4550 die
1020 4510 1274 4561 unsuiuam
1315 4493 1610 4557 comparuit
1662 4489 1711 4540 in
1744 4487 1870 4540 civi-

305 4602 409 4646 tate
439 4591 741 4645 Antiochia.
767 4591 933 4654 Quam
960 4594 1144 4639 sancta
1189 4583 1424 4635 Romana
1467 4581 1627 4633 ﬂebat
1652 4577 1875 4629 amaris-

301 4686 457 4745 sime,
490 4693 545 4736 et
572 4692 789 4736 sanctus
815 4682 1033 4734 Nonnus
1061 4677 1430 4731 constilabatnr
1470 4691 1605 4737 eam,
1638 4673 1822 4726 dicens
1857 4688 1869 4723 :

306 4773 425 4828 Noli
458 4773 609 4833 ﬂere,
636 4774 759 4836 lilia,
790 4776 879 4825 sed
911 4772 1093 4824 laetare
1137 4767 1327 4837 gaudio
1380 4780 1591 4833 magno,
1624 4764 1871 4831 quoniam

306 4865 519 4931 Pelagia
544 4862 794 4929 optimam
828 4861 1120 4928 portionem
1142 4860 1317 4926 elegit,
1344 4857 1481 4910 sicut
1507 4856 1689 4918 Maria,
1712 4869 1871 4923 quam

302 4957 566 5013 Dominus
611 4955 825 5024 przefert
864 4952 1082 5005 Martha:
1130 4950 1180 5002 in
1237 4949 1542 5017 Evangelio.
1570 4947 1663 5000 Illa
1695 4955 1870 4998 autem

305 5051 440 5103 abiit
469 5046 883 5114 Jerosolymam,
913 5054 967 5097 et
1017 5043 1308 5095 construxit
1359 5040 1459 5094 sibi
1514 5039 1760 5093 cellulam
1816 5036 1872 5090 in

302 5146 487 5194 monte
517 5134 732 5200 Oliveti,
764 5135 852 5188 ubi
887 5133 1141 5187 Dominus
1169 5131 1359 5184 oravit.

373 5230 504 5285 CAP.
530 5228 871 5284 RDL—Post
900 5225 1224 5293 aliquantum
1252 5236 1379 5273 vero
1401 5218 1654 5287 temporis
1675 5232 1871 5272 convo-

306 5321 447 5375 cavit
496 5321 778 5388 episeopus
807 5313 1035 5370 civitatis
1080 5325 1266 5365 omnes
1295 5312 1592 5377 episcopos,
1622 5317 1677 5360 ut
1704 5322 1869 5360 unus-

301 5412 527 5478 quisque
572 5418 932 5463 reverteretur
987 5403 1052 5457 ad
1096 5401 1327 5471 propria.
1362 5399 1523 5468 380
1551 5398 1677 5451 Post
1707 5398 1867 5451 trien-

301 5502 444 5553 nium
465 5509 557 5554 aut
577 5497 987 5569 quadriennium
1023 5490 1298 5561 tempatis,
1332 5487 1626 5541 desideravi
1664 5487 1874 5555 egola-

292 5592 463 5645 ‘cobus
482 5591 735 5646 diaconus
762 5586 1022 5656 proﬁcisci
1045 5583 1458 5650 .Ierosolymam,
1496 5590 1550 5633 ut
1579 5580 1651 5633 ibi
1676 5579 1871 5633 adora-

301 5696 412 5738 rem
444 5683 885 5737 resurrectionem
919 5677 1127 5733 Domint
1180 5675 1346 5729 ttOslt‘i
1399 5670 1524 5727 Jesu
1569 5670 1789 5732 Christi,
1817 5678 1870 5725 et

1901 4460 1950 4517 D

1960 1853 2127 1917 illam,
2159 1868 2315 1920 quam
2344 1858 2500 1902 antea
2551 1849 2785 1902 videram
2837 1846 3194 1901 inaestimabili
3244 1843 3533 1913 pulchritu-

1964 1943 2107 2006 dine,
2136 1942 2245 2009 jam
2278 1942 2414 1994 facie
2448 1938 2738 1992 marcidam
2790 1936 2980 1991 factam
3015 1951 3121 2004 prae
3164 1934 3323 1987 nimia
3370 1931 3535 1984 absti-

1962 2032 2179 2086 neniia?
2209 2033 2357 2085 Oculi
2390 2046 2515 2083 vero
2545 2028 2665 2098 ejus
2690 2031 2827 2083 sicut
2854 2028 3008 2079 fossa:
3040 2024 3371 2078 videbantur.
3399 2020 3528 2087 Quae

1963 2122 2094 2175 dicit
2119 2122 2182 2174 ad
2203 2136 2317 2174 me:
2348 2119 2495 2174 Unde
2512 2120 2683 2183 venis,
2704 2117 2899 2171 frater?
2923 2117 3031 2186 Ego
3054 2112 3302 2182 respondi
3324 2122 3376 2164 et
3392 2109 3532 2162 dixi:

1967 2213 2160 2267 Missus
2189 2228 2305 2265 sum
2337 2211 2402 2264 ad
2437 2220 2507 2274 te,
2538 2211 2758 2279 jubente
2788 2211 2974 2262 Nonne
3000 2207 3272 2275 episcopo.
3304 2203 3431 2267 Quae
3460 2201 3535 2254 ait

1964 2306 2031 2356 ad
2062 2319 2147 2358 me
2179 2321 2191 2355 :
2220 2302 2348 2357 Oret
2375 2317 2468 2370 pro
2498 2316 2601 2365 me,
2634 2300 2880 2369 quoniam
2912 2313 3035 2351 vere
3063 2304 3275 2350 sanctus
3314 2292 3406 2346 Dei
3428 2300 3531 2346 est.

1967 2394 2029 2447 Et
2057 2406 2237 2447 sta‘im
2268 2393 2457 2447 clausit
2478 2392 2730 2446 ostiolum
2762 2389 3075 2450 fenestellae,
3116 2396 3170 2440 et
3197 2384 3357 2451 carpit
3392 2381 3534 2452 psal-

1964 2486 2077 2538 lere
2126 2484 2309 2537 ltoram
2358 2483 2589 2536 tertiam.
2637 2482 2743 2549 Ego
2772 2494 2897 2533 vero
2925 2479 3072 2532 oravi
3100 2476 3250 2545 juxta
3284 2464 3534 2540 parietem

1966 2573 2169 2628 cellula:
2196 2574 2337 2639 ejus,
2375 2580 2428 2623 et
2452 2570 2671 2633 recessi,
2702 2568 2925 2621 multum
2947 2566 3159 2633 juvatus
3190 2562 3258 2616 de
3294 2560 3534 2628 angelica

1967 2664 2171 2717 visione
2201 2662 2336 2731 ejus.
2363 2663 2629 2714 Reversus
2659 2673 2786 2713 vero
2830 2656 3242 2726 Jerosolymam,
3270 2651 3407 2719 coepi
3440 2662 3536 2719 per

1968 2754 2291 2809 monasteria
2316 2750 2636 2805 ambulando
2666 2750 2880 2805 visitare
2911 2748 3118 2800 fratres.

2039 2863 2167 2919 CAP.
2199 2860 2574 2929 XV.—Magua
2620 2872 2749 2913 vero
2800 2856 3068 2911 ferebatur
3124 2853 3261 2905 fama
3300 2863 3394 2917 per
3423 2861 3536 2901 mo-

1968 2957 2206 3010 nasteria
2249 2954 2315 3007 de
2355 2952 2572 3006 domino
2617 2949 2828 3015 Pelagio
2862 2964 2875 3000 :
2919 2955 3198 3015 propterea
3240 2938 3534 2995 deliberavi

1975 3051 2141 3104 etiam
2177 3050 2364 3100 iterato
2393 3044 2457 3097 ad
2482 3058 2602 3096 eum
2628 3041 2820 3100 redire,
2854 3048 2908 3091 et
2938 3034 3257 3090 salutaribus
3284 3028 3537 3085 doctrinis

1972 3137 2087 3206 ejus
2109 3136 2275 3190 reﬁci.
2308 3136 2544 3200 Cumque
2583 3130 2647 3182 ad
2679 3127 2925 3182 cellulam
2957 3140 3104 3178 suam
3153 3120 3535 3189 pervenissent,

1971 3242 2020 3285 et
2056 3229 2283 3297 pulsare,
2318 3226 2422 3278 imo
2455 3223 2768 3275 nominatim
2797 3232 2917 3272 eum
2965 3213 3304 3281 interpellare
3335 3221 3537 3278 praasn—

1972 3334 2193 3379 merem,
2220 3318 2348 3371 nihil
2378 3312 2669 3382 respondit.
2725 3307 3039 3377 Exspectavi
3084 3302 3315 3358 secunda
3366 3300 3450 3351 die
3480 3306 3535 3350 ct

1974 3412 2125 3464 tertia
2159 3422 2531 3478 perseverans,
2557 3413 2613 3458 et
2644 3402 2856 3472 proprio
2903 3398 3115 3452 nomine
3164 3393 3431 3461 Pelagium
3461 3390 3539 3442 in~

1974 3500 2284 3568 terpellans,
2336 3498 2602 3552 neminem
2653 3493 2848 3546 audivi.
2896 3490 3070 3554 Quare
3118 3488 3254 3539 intra
3278 3497 3362 3536 tne
3384 3481 3539 3534 dixi:

1973 3593 2078 3646 Aut
2103 3606 2257 3645 nemo
2286 3600 2366 3644 est
2401 3590 2504 3652 hic,
2535 3597 2622 3640 aut
2652 3583 2871 3639 recessit
2920 3581 3007 3648 qui
3059 3580 3145 3631 hic
3195 3586 3309 3630 erat
3362 3586 3542 3625 mena-

1975 3686 2127 3737 chus.
2163 3684 2299 3735 Nutu
2330 3696 2453 3734 vero
2484 3680 2573 3733 Dei
2603 3680 2853 3739 monitus,
2884 3674 3072 3726 iterum
3102 3668 3208 3722 dixi
3241 3684 3257 3721 :
3287 3662 3542 3719 Conside-

1974 3789 2087 3828 rem
2119 3789 2182 3826 ne
2215 3773 2348 3826 ferte
2378 3778 2623 3824 mortuus
2654 3770 2753 3831 sit;
2807 3774 2861 3819 et
2887 3762 3068 3832 aperui
3114 3758 3365 3813 ostiolum
3398 3754 3544 3807 fene-

1976 3867 2225 3930 stellufm,
2246 3874 2298 3918 et
2329 3860 2597 3931 prospexi,
2618 3868 2672 3913 et
2699 3856 2806 3912 vidi
2839 3872 2957 3907 eum
2990 3863 3280 3914 mortuum,
3303 3856 3358 3903 et
3379 3844 3542 3900 clausi

1975 3953 2256 4017 osdolum;
2290 3962 2341 4004 et
2368 3951 2434 4002 de
2464 3949 2574 4002 luto
2602 3947 2817 4013 replens
2875 3944 3176 4010 diligenter,
3223 3952 3381 3992 cursu
3424 3931 3545 3989 veni

1976 4043 2383 4111 Jcrosplymam,
2409 4050 2462 4093 et
2493 4036 2730 4091 nuntiavi
2761 4030 3244 4096 commanentibus,
3267 4024 3405 4096 quod
3421 4038 3545 4077 san-

1977 4145 2093 4187 etus
2122 4132 2364 4199 Pelagius
2391 4127 2684 4181 monachus
2716 4124 2981 4178 mirabilia
3032 4120 3228 4173 faciens
3252 4114 3543 4184 requievis-

1977 4233 2079 4278 set.
2111 4224 2150 4275 Τ
2157 4239 2259 4275 unc
2284 4219 2449 4273 sancti
2485 4227 2660 4284 patres
2694 4222 2951 4269 venerunt
2987 4227 3107 4266 eum
3159 4206 3382 4263 diversis
3431 4218 3546 4257 mo-

1980 4314 2229 4367 nasteriis
2272 4309 2681 4370 monachorum,
2706 4315 2758 4359 et
2786 4305 2864 4357 sie
2913 4304 3142 4357 solutum
3183 4309 3265 4352 est
3295 4295 3542 4350 ostiolum

1978 4406 2224 4468 cellulae;
2256 4413 2303 4456 et
2332 4402 2565 4455 delatum
2596 4407 2678 4453 est
2722 4397 2863 4451 foras
2905 4403 3145 4447 sanctum
3176 4386 3543 4457 corpusculum

1979 4496 2116 4563 ejus,
2149 4493 2286 4560 quod
2318 4507 2449 4545 auro
2476 4499 2530 4543 et
2558 4487 2820 4556 lapidibus
2874 4482 3120 4553 pretiosis
3168 4479 3427 4546 condigne
3455 4490 3544 4541 po-

1978 4595 2216 4641 suerunt.
2248 4585 2311 4638 Et
2341 4584 2464 4636 dum
2489 4581 2659 4635 Sancti
2691 4588 2865 4647 patres
2895 4582 3149 4643 ungerent
3188 4582 3382 4637 corpus
3404 4581 3546 4635 myr-

1979 4678 2098 4741 rha,
2125 4687 2249 4729 tunc
2270 4677 2640 4744 cognoverunt
2672 4670 2812 4733 quod
2861 4667 3048 4720 fuisset
3075 4662 3265 4716 mulier
3297 4676 3311 4713 :
3338 4659 3425 4727 qui
3457 4671 3547 4709 vo-

1980 4770 2149 4823 lentes
2201 4766 2517 4820 miraculum
2550 4761 2899 4821 abscondere,
2949 4756 3041 4809 sed
3091 4752 3342 4823 populum
3374 4749 3546 4814 ipsum

1976 4860 2142 4914 latere
2170 4873 2273 4911 non
2308 4861 2554 4923 poterat,
2584 4851 3015 4905 exclamaverunt
3061 4858 3191 4896 voce
3233 4853 3440 4905 magna,
3470 4836 3549 4888 di-

1982 4960 2196 5005 centes:
2222 4946 2398 5001 Gloria
2432 4944 2546 5007 tibi,
2583 4940 2803 4993 Domine
2825 4936 2952 4991 Jesu
2980 4933 3207 4996 Christe,
3231 4929 3319 4996 qui
3358 4927 3549 4979 multas

1980 5041 2192 5095 divitias
2223 5036 2513 5090 absconsas
2544 5033 2704 5085 habes
2748 5042 2907 5096 super
2957 5034 3175 5085 terram,
3227 5033 3329 5071 non
3374 5014 3545 5069 solum

1982 5132 2188 5195 viriles,
2246 5127 2340 5181 sed
2368 5126 2528 5179 etiam
2560 5122 2865 5175 muliebres.
2900 5114 3226 5181 Divulgatum
3254 5118 3336 5160 est
3366 5116 3540 5157 autem

1980 5221 2125 5275 omni
2173 5216 2391 5287 populo,
2440 5222 2492 5266 et
2538 5218 2797 5263 venerunt
2825 5206 3001 5258 omnia
3041 5196 3359 5254 monasteria
3376 5192 3547 5269 yirgi-

1980 5324 2129 5372 num,
2163 5285 2267 5359 tam
2298 5305 2365 5358 de
2392 5302 2627 5361 Jericho,
2670 5312 2826 5367 quam
2876 5309 2939 5348 ex
2965 5291 3217 5354 .lordane,
3252 5287 3340 5341 ubi
3370 5285 3548 5338 Domi-

1979 5415 2080 5453 nus
2106 5398 2401 5466 baptizitus
2431 5403 2533 5454 est,
2574 5405 2693 5444 cum
2722 5387 2914 5454 cereis,
2951 5382 3288 5452 lampadibus
3314 5389 3366 5431 et
3393 5381 3547 5448 ltytn~

1979 5489 2062 5541 nis
2086 5503 2101 5551 ;
2133 5497 2186 5539 et
2216 5488 2293 5537 sic
2317 5483 2571 5551 deposita.-
2597 5490 2719 5531 sunt
2747 5486 2947 5531 sancta:
2975 5472 3213 5543 reliquid:
3253 5471 3388 5538 ejus,
3422 5479 3544 5534 por-

1980 5587 2102 5632 tata.-
2128 5591 2159 5629 a
2186 5575 2384 5629 sanctis
2412 5571 2668 5641 patribus.

2051 5670 2176 5723 llaze
2204 5667 2309 5723 vita
2331 5662 2653 5727 meretricis,
2687 5659 2797 5716 lucc
2821 5655 3157 5715 conversatio
3207 5653 3532 5718 desperatae:
