4020 6240
243 301 342 357 675

996 297 1154 353 VITA
1195 293 1486 354 SANCTE
1528 286 1769 348 MARl/‘E
1808 286 2266 352 IEGYPTIACIE,
2315 283 2752 341 MERETRICIS.

3408 281 3512 334 674

239 417 376 482 quod
405 424 508 482 ego
530 410 708 463 divina
741 418 918 478 tegere
947 409 1162 463 silentio
1187 407 1460 468 dubitans,
1486 411 1541 457 et
1581 400 1713 470 pigri
1753 399 1894 454 servi
1935 409 2181 452 metuens
2225 395 2686 451 condemnationis
2727 394 3012 448 imminens
3046 392 3333 462 judic'um,
3361 393 3448 461 qui
3479 408 3509 444 a

241 508 456 562 domino
487 507 743 560 talentum
774 503 1065 571 accipiens,
1093 501 1298 554 fodiens
1330 500 1382 552 in
1412 509 1608 552 terram
1638 493 1941 556 abscondit,
1974 502 2028 547 et
2059 493 2242 546 datum
2267 492 2332 545 ad
2365 488 2734 558 operationem
2768 489 2963 542 celavit
3002 497 3150 542 extra
3193 487 3516 554 negotiatio-

243 615 366 657 nem
397 596 616 667 (Matth.
646 597 791 665 xxv),
822 611 1030 648 sacram
1065 594 1128 645 ad
1159 608 1244 646 me
1275 592 1535 659 prolatam
1569 588 1928 640 narrationem
1970 599 2303 653 nequaquam
2353 583 2542 636 silebo.
2576 579 2682 635 Sed
2723 581 2898 633 nullus
2939 579 3069 632 mihi
3099 578 3170 631 sit
3199 578 3511 632 incredulus

242 695 497 750 scribenti
527 696 595 748 tle
624 691 701 745 eis
728 706 847 758 qua!
872 689 1069 752 audivi,
1104 702 1202 740 nec
1230 687 1510 753 quisquam
1541 697 1626 734 me
1652 678 1862 733 mentiri
1895 679 2146 738 aestimet,
2167 676 2235 730 de
2259 677 2332 729 rei
2359 675 2722 738 magnitudine
2752 672 3020 725 dubitans.
3045 671 3168 722 Mihi
3199 671 3342 724 enim
3365 671 3516 726 absit

241 785 414 839 sacris
444 783 658 836 mentiri
691 781 871 840 rebus,
901 786 956 832 et
985 777 1268 830 adnlterari
1301 774 1548 838 verbum,
1597 771 1684 823 ubi
1749 769 1884 822 Deus
1927 774 2274 820 memoratur.
2322 766 2450 832 Ejus
2490 775 2689 828 autem,
2738 764 2825 832 qui
2870 762 3087 816 minima
3133 761 3416 829 intelligit,
3457 770 3515 816 et

249 876 516 943 indignius
545 873 611 926 de
643 871 734 924 Dei
778 868 1170 935 magnitudine,
1206 865 1293 932 qui
1324 879 1539 916 carnem
1566 860 1884 928 assumpsit,
1917 865 1971 910 et
2003 856 2310 909 incredulus
2356 864 2437 908 est
2479 856 2576 908 ista
2626 853 2861 917 dicenti,
2894 868 3000 906 non
3047 852 3172 905 mihi
3221 850 3510 920 pertinebit

258 942 571 1036 periculum.
605 961 661 1014 Si
686 958 774 1027 qui
806 966 982 1010 autem
1013 956 1086 1008 illi
1117 963 1244 1008 sunt
1263 953 1352 1022 qui
1378 952 1534 1020 hujus
1566 951 1845 1019 scriptura:
1877 946 2105 1016 legerint
2137 956 2358 1007 textum,
2396 945 2790 1013 gloriosatnque
2830 945 2904 998 rei
2945 942 3352 997 admirationem
3382 956 3516 999 sane

253 1057 473 1113 credere
503 1055 798 1115 renuerint,
833 1063 882 1105 et
917 1051 1020 1103 illis
1053 1050 1310 1102 Dominus
1337 1046 1674 1108 misereatur,
1708 1043 1972 1108 faciatque
1999 1054 2225 1106 capaces
2255 1039 2425 1092 sancti
2453 1038 2620 1104 verbi,
2648 1053 2714 1090 ne
2741 1036 2816 1091 rei
2846 1039 3080 1090 existant
3106 1036 3196 1088 Dei
3222 1035 3514 1088 miraculo-

245 1164 390 1210 rum,
427 1163 542 1216 quae
577 1147 723 1214 plura
756 1145 808 1196 in
841 1143 952 1195 suis
979 1142 1092 1194 fieri
1127 1136 1525 1207 prazdestinavit
1554 1133 1742 1189 electis
1770 1149 1784 1187 :
1816 1131 2070 1199 quoniam
2101 1138 2154 1182 et
2183 1129 2281 1196 ipsi
2311 1130 2556 1182 humanas
2596 1136 2800 1181 natura:
2833 1127 3044 1180 infirma
3074 1126 3474 1180 considerantes
3495 1164 3514 1192 ,

249 1237 599 1306 impossibilia
642 1237 936 1288 decernunt
963 1245 1024 1284 ea
1055 1245 1170 1299 qua:
1216 1229 1281 1280 de
1329 1225 1634 1280 hominibus
1663 1223 1862 1277 sanctis
1894 1222 2125 1291 gloriosa
2156 1221 2430 1274 dicuntur.
2463 1221 2744 1274 Assumam
2783 1218 2850 1273 de
2880 1229 3082 1274 czetero
3114 1221 3472 1273 narrationem
3496 1257 3512 1282 ,

251 1333 422 1401 ipsam
455 1345 567 1384 rem
597 1326 862 1390 referens,
896 1338 1014 1393 quae
1037 1323 1090 1375 in
1120 1324 1217 1374 hac
1247 1331 1426 1374 nostra
1450 1317 1796 1387 generatione
1827 1312 1963 1366 facta
1995 1312 2345 1380 dignoscitur,
2379 1327 2537 1378 quam
2561 1325 2712 1364 sacer
2737 1311 2840 1375 vir,
2877 1310 3051 1364 divina
3075 1320 3129 1363 et
3157 1325 3318 1379 agere
3344 1318 3393 1362 et
3419 1307 3522 1361 do-

248 1438 371 1476 cere
403 1423 682 1480 educatus,
719 1417 976 1473 narravit.
1009 1416 1114 1469 Sed
1146 1422 1204 1467 ut
1232 1429 1390 1480 supra
1417 1412 1615 1465 dictum
1649 1418 1750 1472 est,
1777 1406 1956 1459 nullus
1988 1405 2102 1457 hmo
2126 1404 2190 1458 ad
2220 1403 2648 1456 incredulitatem
2685 1403 2894 1467 trahat,
2943 1401 3289 1456 considerans
3315 1401 3521 1468 impos-

248 1515 401 1570 sibile
435 1512 546 1568 ﬁeri
581 1515 630 1566 in
666 1512 765 1565 hac
795 1518 973 1563 nostra
1001 1505 1351 1576 generatione
1400 1515 1504 1558 tam
1552 1499 1756 1568 grande
1800 1495 2154 1556 miraculum,
2205 1497 2324 1563 quia
2372 1495 2545 1562 gratia
2577 1494 2669 1547 Dei
2711 1510 2804 1560 per
2833 1509 3021 1547 omnes
3057 1496 3435 1564 generationes
3465 1493 3519 1546 in

248 1617 464 1663 sanctas
493 1605 863 1676 pertransicns
895 1602 1120 1662 animas,
1154 1599 1357 1652 amicos
1382 1596 1472 1649 Dei
1501 1595 1624 1648 facit
1647 1603 1698 1646 et
1725 1591 2011 1658 prophetas
2036 1627 2048 1649 ,
2077 1584 2526 1654 quemadmodum
2574 1583 2830 1638 Salomon
2867 1583 3157 1636 secundum
3193 1583 3358 1636 Deum
3388 1582 3525 1635 edo-

250 1703 362 1757 cuit
388 1700 544 1770 (Sap.
578 1699 697 1769 vn).
733 1698 968 1764 Tempus
994 1708 1224 1760 namque
1253 1701 1337 1744 est
1365 1703 1530 1745 sacrae
1562 1686 1790 1754 prodere
1819 1679 2141 1734 narrationis
2171 1679 2402 1744 initium,
2430 1691 2677 1744 magnum
2704 1676 2962 1744 virileque
2987 1682 3261 1728 certamen
3296 1688 3521 1727 venera-

249 1787 371 1848 bilis
402 1769 584 1848 Maria:
615 1787 974 1859 Egyptiacaz,
1007 1784 1252 1839 videlicet
1283 1782 1510 1850 qualiter
1535 1775 1828 1842 expleverit
1862 1781 2098 1840 tempora
2133 1769 2251 1822 vitae
2279 1783 2411 1820 sum.

259 1930 1128 1958 Μ...-

1553 1919 1896 1934 -ι-ο--η

1897 1915 2466 1948 .__,___.._.__..__

1647 2024 2142 2156 VITA.

326 2239 508 2293 Cxpo'r
547 2248 766 2291 renuunt.
789 2230 929 2284 —ln
961 2223 1286 2280 monasterio
1309 2219 1711 2274 Palmsunornm
1740 2214 1839 2267 fuit
1872 2217 1912 2267 Α
1945 2216 2002 2260 ιιι
2034 2213 2100 2259 ita
2129 2207 2320 2268 dicam,
2346 2207 2597 2260 maternis
2619 2206 2758 2274 ulnis
2776 2206 2826 2260 in
2851 2205 2954 2260 hoc
2978 2219 3036 2261 se
3061 2218 3181 2259 esse
3205 2205 3534 2261 monasterio

252 2333 341 2386 vir
370 2347 401 2383 v
427 2341 493 2385 Ite
521 2328 759 2382 moribus
787 2335 839 2376 et
861 2321 1026 2375 verbo
1054 2327 1294 2378 ornatus,
1313 2312 1402 2382 qui
1425 2311 1491 2364 ab
1518 2307 1648 2376 ipsis
1677 2321 1840 2359 cuna-

254 2424 395 2481 bulis
418 2463 436 2490 ,
469 2417 796 2474 monachicis
821 2425 901 2469 est
941 2413 1150 2466 actibus
1188 2408 1476 2474 diligenter
1509 2404 1838 2459 instructus,

253 2524 311 2572 et
335 2508 842 2568 conversatinuibus
878 2503 1137 2556 veraciter
1172 2497 1448 2553 educatus,
1485 2493 1699 2544 nomine
1729 2486 1845 2538 Zo-

254 2607 424 2660 simas
466 2601 570 2670 (6).
615 2599 678 2652 Et
726 2595 903 2650 nullus
949 2605 1050 2646 nos
1095 2587 1326 2642 aestimet
1364 2584 1542 2636 dieere
1574 2579 1842 2633 Zosimam

257 2697 404 2752 illum
443 2694 493 2747 in
527 2684 919 2760 praedicationis
959 2694 1201 2736 erronem
1243 2675 1580 2744 dogmatibus
1625 2683 1846 2723 accusa-

258 2797 365 2842 tum
407 2794 570 2838 secta:
611 2779 862 2839 alterius;
893 2773 1032 2826 alius
1075 2771 1218 2825 enim
1253 2768 1368 2831 hic,
1402 2775 1454 2818 et
1479 2764 1616 2816 alius
1641 2761 1758 2823 ille,
1793 2768 1846 2812 et

258 2877 422 2932 multa
457 2875 598 2927 inter
625 2881 879 2934 utrosque
909 2863 1198 2926 distantia,
1240 2859 1367 2914 licet
1414 2871 1576 2910 unum
1624 2865 1846 2920 uterque

263 2967 436 3024 sortiti
483 2965 591 3018 sint
626 2960 875 3017 vocabuli
925 2970 1144 3011 nomen.
1177 2953 1274 3007 ilic
1303 2951 1481 3020 itaque
1507 2947 1751 3001 Zositnas
1781 2945 1848 2997 ab

264 3061 412 3113 initio
451 3059 501 3111 in
530 3069 640 3108 uno
665 3051 1066 3107 Paltestinorum
1095 3053 1445 3100 conversatus
1467 3050 1547 3094 est
1574 3046 1849 3091 monaste-

263 3151 363 3218 rio,
382 3158 446 3202 et
469 3159 682 3201 omnem
706 3139 1071 3212 pertransiens
1099 3134 1464 3190 monachicam
1487 3129 1847 3197 disciplinam,

263 3240 318 3294 in
347 3235 692 3292 abstinentia:
722 3245 886 3300 Opere
926 3228 1162 3282 omnium
1197 3225 1368 3280 factus
1409 3231 1494 3278 est
1533 3218 1854 3290 probatissi-

265 3344 405 3385 mus.
437 3326 611 3381 Omne
636 3323 780 3378 enim
825 3329 1152 3390 praeceptum
1197 3316 1301 3370 sibi
1347 3313 1598 3368 traditum
1632 3311 1854 3365 canonis

266 3421 334 3474 ab
364 3420 452 3473 his
475 3417 565 3486 qui
591 3415 659 3470 ab
686 3413 904 3468 infantia
950 3409 1160 3464 educati
1186 3417 1309 3461 sunt
1328 3445 1343 3468 ,
1377 3407 1574 3460 luetam
1602 3402 1856 3473 perfecta!

269 3509 570 3576 disciplinas
601 3503 929 3560 monachicae
978 3496 1524 3566 irrcprehensibiliter
1562 3508 1856 3548 conserva-

1948 2298 2240 2359 traditmn,
2298 2306 2353 2350 et
2410 2312 2578 2365 usque
2632 2297 2696 2349 ad
2753 2297 3251 2364 quinquagesimum
3310 2296 3525 2348 tertium

1943 2402 2140 2440 annum
2186 2387 2333 2440 ineo
2372 2402 2586 2440 cursum
2634 2387 3010 2440 monachicum
3061 2386 3350 2456 peregisse.
3405 2384 3530 2438 Post

1946 2481 2059 2532 hinc
2088 2487 2263 2531 autem
2300 2479 2538 2544 pulsatm
2570 2489 2653 2531 est
2674 2494 2701 2530 a
2734 2477 3049 2546 quibusdam
3079 2476 3525 2544 cogitationibus,

1946 2569 2094 2639 quasi
2141 2569 2249 2637 jam
2287 2569 2337 2620 in
2372 2567 2619 2621 omnibus
2653 2575 2799 2622 esset
2831 2566 3098 2634 perfectus
3121 2608 3135 2633 ,
3165 2567 3391 2620 alterius
3422 2582 3528 2619 non

1948 2661 2034 2713 ind
2059 2673 2189 2728 gens
2217 2662 2266 2710 in
2299 2659 2406 2711 ullo
2429 2657 2696 2711 doctrina.
2724 2657 2848 2711 Haec
2872 2666 3052 2710 autem
3075 2697 3089 2721 ,
3117 2666 3175 2709 ut.
3195 2658 3406 2710 dicebat
3427 2699 3444 2725 ,
3478 2657 3532 2711 in

1948 2767 2006 2806 se
2034 2752 2301 2821 cogitabat
2328 2768 2339 2800 :
2374 2750 2620 2819 Nunquid
2653 2761 2734 2803 est
2767 2751 2817 2802 in
2868 2750 3024 2802 terris
3075 2750 3397 2810 monachus,
3444 2751 3533 2818 qui

1949 2861 2142 2899 novum
2175 2843 2372 2911 aliquid
2408 2845 2576 2911 possit
2607 2842 2819 2896 tradere
2851 2841 3001 2901 mihi,
3025 2841 3216 2909 juvare
3240 2855 3327 2895 me
3354 2841 3538 2895 valens

1952 2938 2004 2990 in
2033 2937 2209 3004 aliquo
2240 2934 2380 3003 quod
2407 2938 2668 3003 ignorem,
2695 2932 2951 3001 autquod
2993 2948 3093 3001 ego
3131 2933 3183 2984 in
3217 2931 3531 2985 monachico

1955 3047 2058 3084 non
2085 3027 2414 3096 expleverim
2443 3026 2640 3092 opere?
2663 3024 2906 3092 Nunquid
2933 3024 3201 3076 invenitur
3223 3037 3407 3076 eorum
3437 3022 3528 3090 qui

1956 3121 2296 3177 solitudinem
2326 3119 2598 3172 duxerunt
2625 3118 2708 3171 vir
2735 3117 2822 3186 qui
2848 3117 2993 3186 prior
3017 3131 3103 3168 me
3125 3116 3176 3169 in
3203 3114 3410 3168 actibus
3433 3112 3537 3168 sit?

1959 3215 2079 3268 Haec
2108 3223 2160 3266 et
2193 3211 2274 3264 his
2303 3209 2464 3280 383
2490 3208 2685 3262 similia
2718 3222 2784 3262 eo
2810 3209 3098 3276 cogitante,
3122 3206 3290 3260 astitit
3319 3205 3534 3274 quidam

1958 3316 2011 3361 et
2046 3304 2178 3358 dixit
2201 3302 2287 3356 ei:
2318 3300 2361 3354 Ο
2381 3299 2616 3361 Zosima,
2647 3299 2782 3352 bene
2810 3296 3024 3366 quidem
3049 3337 3064 3358 ,
3096 3307 3149 3350 et
3188 3295 3328 3350 sicut
3357 3296 3531 3362 possi-

1959 3395 2065 3452 bile
2088 3394 2188 3448 fuit
2209 3391 2412 3444 homini
2437 3433 2452 3456 ,
2480 3387 2768 3443 decertasti
2791 3428 2805 3452 ,
2839 3387 2975 3440 bene
3017 3400 3230 3439 cursum
3261 3383 3541 3438 monachi-

1962 3502 2084 3543 cum
2134 3481 2541 3539 consummasti.
2568 3480 2768 3534 Tamen
2798 3478 2977 3532 nullus
3007 3487 3088 3532 est
3127 3479 3178 3530 in
3231 3477 3540 3529 hominibus

275 3606 385 3659 bat.
411 3565 583 3656 ⁷Μυιιει
611 3599 768 3653 etiam
805 3607 860 3651 et
885 3596 999 3664 ipse
1027 3565 1130 3645 sibi
1155 3591 1412 3659 adjiciens
1440 3585 1814 3657 superaddist
1836 3625 1850 3649 ,
1890 3585 1936 3643 B
1961 3577 2050 3646 qui
2080 3589 2139 3629 se
2163 3571 2457 3643 perfectum
2482 3585 2602 3624 esse
2630 3569 2982 3622 demonstret.
3021 3567 3185 3633 Major
3206 3566 3346 3618 enim
3393 3565 3534 3618 lucta

273 3695 504 3762 cupiens
533 3706 745 3746 carnem
775 3669 983 3758 spiriﬁti
1013 3685 1325 3754 subjugare.
1357 3683 1465 3737 Nec
1497 3681 1638 3735 enim
1673 3679 1726 3732 in
1754 3679 1861 3731 ali-

263 3791 382 3856 ‘quo
406 3783 697 3839 offendisse
724 3779 1124 3848 comprobatur.
1163 3775 1237 3828 Ita
1267 3774 1410 3828 enim
1442 3771 1541 3826 fuit
1572 3773 1623 3825 in
1655 3770 1861 3823 cunctis

280 3878 548 3949 perfectus
581 3872 908 3929 monachicis
938 3870 1165 3931 actibus,
1189 3875 1247 3921 ut
1271 3866 1544 3919 multoties
1571 3862 1722 3917 multi
1747 3875 1861 3914 mo-

281 3969 436 4024 nachi
487 3967 555 4021 de
585 3965 819 4035 praedicti
861 3961 963 4016 loci
1006 3951 1342 4014 monasteriis
1372 3967 1424 4010 et
1451 3955 1520 4011 de
1559 3952 1864 4022 longinquis

287 4060 522 4128 partibus
569 4057 634 4112 ad
680 4072 802 4111 eum
852 4053 1214 4117 confluentes,
1246 4050 1361 4119 ejus
1404 4047 1663 4115 exemplis
1707 4052 1866 4112 atque

288 4148 547 4204 doctrinis
570 4164 628 4202 se
652 4143 1083 4214 constringeren’t
1103 4185 1116 4206 ,
1143 4152 1196 4196 et
1236 4141 1302 4194 ad
1335 4140 1478 4194 illius
1512 4137 1864 4192 imitationem

295 4240 622 4294 abstinentia:
653 4253 712 4292 se
741 4237 909 4290 multo
935 4234 1105 4303 magis
1131 4231 1494 4300 subjugarent.

369 4334 497 4390 Car.
526 4335 584 4389 ll.
615 4363 684 4373 —
712 4332 838 4386 "me
865 4331 1044 4398 itaque
1067 4326 1246 4380 omnia
1279 4327 1330 4378 in
1364 4338 1422 4376 se
1452 4319 1674 4384 habens,
1704 4332 1732 4371 a
1758 4331 1870 4370 me-

292 4426 553 4481 ditatione
601 4425 742 4480 sacri
790 4420 991 4489 eloquii
1038 4431 1305 4485 nunquam
1351 4412 1638 4478 discessit,
1683 4409 1775 4463 sed
1817 4410 1870 4460 iu

291 4526 462 4570 stratn
486 4531 585 4570 suo
607 4514 908 4584 quiescens,
934 4513 1046 4564 sive
1071 4522 1314 4576 surgens,
1331 4515 1422 4560 aut
1442 4518 1658 4572 operam
1686 4509 1872 4554 tenens

294 4607 565 4670 manibus,
591 4606 672 4658 vel
701 4605 878 4658 cibum
904 4644 918 4668 ,
941 4599 987 4654 si
1018 4597 1368 4654 conveniebat
1398 4603 1455 4648 ut
1482 4599 1750 4655 sumeret,
1779 4590 1876 4642 bo-

295 4713 448 4760 num,
476 4712 582 4762 quo
605 4695 690 4747 ille
721 4694 795 4746 uti
833 4697 1209 4754 consueverat,
1235 4685 1587 4756 spiritualiter
1605 4682 1874 4743 utebatur,

298 4799 467 4838 unum
493 4799 628 4851 Opus
657 4782 886 4836 habebat
914 4779 1190 4832 intacitum
1221 4787 1274 4831 et
1296 4789 1567 4843 nunquam
1591 4771 1875 4835 deficiens,

301 4873 535 4945 psallere
564 4873 868 4941 frequenter
888 4881 940 4925 et
965 4868 1365 4924 meditationem
1397 4868 1573 4922 facere
1598 4864 1734 4920 sacri
1767 4864 1880 4920 elo-

1963 3681 2200 3738 praesens
2222 3680 2382 3734 quam
2408 3662 2493 3715 illa
2517 3677 2638 3730 qua:
2671 3659 2948 3728 praeteriit,
2976 3659 3098 3712 licet
3126 3668 3180 3710 tu
3213 3660 3441 3711 nescias.
3473 3655 3543 3710 Ut

1963 3765 2137 3810 autem
2167 3767 2458 3823 cognoscas
2497 3760 2711 3820 quantm
2763 3751 2870 3803 sint
2914 3759 2968 3803 et
3017 3749 3136 3801 aliae
3173 3750 3272 3801 via:
3318 3746 3546 3812 salutis,

1965 3847 2223 3919 egredere
2248 3844 2315 3897 de
2348 3854 2486 3897 terra
2517 3852 2569 3895 et
2605 3842 2670 3895 de
2701 3842 3020 3908 cognatione
3051 3850 3135 3893 tua
3158 3880 3172 3903 ,
3203 3849 3255 3893 et
3287 3839 3353 3893 de
3383 3841 3546 3892 domo

1969 3936 2132 4007 patris
2175 3936 2270 4001 tui,
2321 3944 2379 3987 ut
2418 3931 2688 3988 Abraham
2720 3932 2807 3984 ille
2849 3930 3274 3998 patriarcharum
3315 3929 3546 3983 eximius

1970 4027 2124 4098 (Gen.
2151 4029 2272 4090 xu),
2305 4034 2358 4078 et
2382 4025 2502 4078 veni
2534 4023 2595 4077 ad
2626 4023 3008 4076 monasterium
3039 4021 3179 4089 quod
3223 4019 3372 4088 juxta
3421 4018 3544 4075 Jor-

1970 4118 2163 4173 danem
2188 4117 2394 4184 adjacet
2417 4115 2635 4168 flumen.

2045 4232 2171 4284 Car.
2204 4229 2289 4282 Ill.
2312 4258 2380 4266 —
2403 4228 2518 4280 Mox
2554 4227 2711 4296 igitur
2737 4233 2950 4279 secutus
2979 4224 3239 4277 dicentem
3260 4264 3273 4285 ,
3299 4237 3548 4295 egressus

1974 4320 2042 4375 de
2087 4318 2414 4373 monasterio
2441 4359 2454 4382 ,
2485 4319 2536 4370 in
2570 4333 2675 4386 quo
2705 4316 2771 4369 ab
2802 4314 3023 4368 infantia
3055 4324 3404 4368 conversatus
3433 4324 3556 4378 est»,

1976 4423 2029 4466 et
2059 4412 2381 4480 perveniens
2431 4409 2496 4462 ad
2540 4407 3092 4471 .lordanem,fluvium
3151 4405 3384 4457 omnium
3433 4418 3556 4457 san-

1978 4504 2223 4566 ctiorem,
2247 4501 2491 4568 dirigitur
2518 4501 2584 4552 ab
2615 4513 2678 4552 eo
2703 4498 2791 4566 qui
2826 4497 3033 4551 vocavit
3055 4511 3174 4550 enin
3207 4498 3258 4547 in
3291 4506 3560 4548 monaste-

1983 4596 2122 4650 rium
2160 4593 2214 4646 in
2249 4591 2392 4660 quod
2437 4590 2584 4643 illum
2622 4591 2759 4643 Deus
2804 4589 2989 4642 venire
3031 4587 3302 4657 pra-cepit.
3337 4584 3562 4638 Pulsans

1984 4688 2145 4758 igitur
2185 4683 2494 4739 monasterii
2540 4680 2781 4751 januam,
2831 4680 3065 4748 loquitur
3110 4678 3254 4748 prius
3298 4676 3563 4730 monacho

1984 4780 2073 4848 qui
2099 4777 2312 4843 januam
2344 4773 2681 4838 observabat,
2715 4782 2768 4826 et
2792 4772 2878 4826 ille
2909 4771 3178 4825 nuntiavit
3205 4785 3328 4822 eum
3358 4768 3561 4826 abbati.

1990 4869 2088 4936 Qui
2129 4866 2423 4932 suscipiens
2453 4879 2597 4929 eum,
2641 4863 2926 4930 habituque
2954 4868 3008 4914 et
3035 4859 3214 4928 Specie
3257 4858 3563 4928 religiosum

298 4942 434 5035 quii.
469 4964 735 5018 Multoties
756 4961 896 5015 enim
922 4968 1166 5014 asserunt
1198 4959 1320 5029 quia
1348 4968 1400 5012 et
1429 4957 1620 5011 divinae
1647 4957 1881 5010 illustra-
1905 4942 1957 5008 ϐ
1988 4957 2344 5027 conspiciens,
2380 4965 2656 5024 postquam
2680 4954 2828 5007 ﬂexit
2853 4967 3012 5022 genu,
3043 4960 3099 5004 ut
3131 4965 3246 5004 mos
3276 4958 3359 5003 est
3389 4963 3572 5002 mona-

308 5053 474 5110 tionis
505 5053 698 5123 dignus
743 5050 960 5105 effectus
983 5089 997 5112 ,
1029 5063 1058 5102 a
1089 5050 1197 5103 Deo
1237 5049 1334 5101 sibi
1379 5048 1611 5101 visiones
1650 5055 1881 5100 ostensa:

303 5154 455 5210 sunt,
484 5155 540 5200 et
568 5145 759 5198 mirum
794 5159 897 5197 non
929 5153 1010 5196 est
1043 5155 1142 5195 nec
1169 5140 1498 5194 incredibile.
1530 5139 1586 5193 Si
1614 5138 1755 5192 enim
1782 5177 1796 5200 ,
1826 5145 1884 5190 ut

304 5239 380 5290 ait
405 5237 686 5298 Dominus,
717 5236 854 5288 beati
885 5232 1082 5287 mundo
1109 5232 1292 5294 corde,
1315 5231 1562 5298 quoniam
1588 5229 1689 5296 ipsi
1718 5229 1883 5282 Deum

308 5330 562 5382 videbunt
591 5324 814 5394 (Matth.
849 5325 935 5395 v);
968 5333 1167 5393 quanto
1197 5323 1365 5390 magis
1392 5322 1480 5390 qui
1513 5335 1662 5373 suam
1704 5319 1887 5388 purifi-

310 5420 552 5474 raverint
579 5435 833 5481 carnem,
866 5418 1030 5472 sobrii
1065 5431 1297 5483 semper,
1331 5417 1736 5482 animorumque
1768 5427 1889 5479 pcr-

313 5513 540 5581 vigiles,
601 5513 782 5566 oculos
839 5511 1031 5564 divina:
1094 5508 1423 5577 prospiciunt
1478 5505 1890 5566 illustrationis,

318 5604 538 5659 visionis
588 5605 843 5658 indicium
899 5603 1021 5656 hinc
1061 5609 1375 5670 pratparata:
1420 5598 1612 5652 futurae
1640 5597 1895 5650 bonitatis

322 5695 677 5756 accipientes?
721 5695 942 5748 Dicebat
986 5703 1162 5747 autem
1201 5692 1314 5759 ipse
1338 5691 1603 5753 Zosimas,
1635 5690 1894 5764 abipsis,

1990 5053 2128 5117 chis,
2159 5062 2377 5118 accepta
2410 5051 2673 5112 oratione,
2702 5047 2801 5101 hoc
2831 5062 2950 5100 eum
2987 5043 3370 5108 interrogavit:
3398 5041 3570 5103 Unde.

1991 5145 2176 5211 frater,
2226 5141 2520 5196 advenisti?
2569 5151 2625 5194 et
2663 5157 2818 5209 quam
2851 5139 2921 5193 ob
2952 5154 3062 5193 rem
3094 5138 3232 5204 apud
3265 5136 3492 5190 humiles
3525 5145 3578 5191 te

1993 5233 2317 5304 conjunxisti
2368 5231 2695 5286 monachos?
2743 5228 2983 5283 Zosimas
3034 5238 3210 5282 autem
3257 5225 3574 5294 respondit:

1998 5326 2148 5382 Unde
2201 5322 2416 5392 quidem
2465 5322 2608 5384 veni,
2642 5337 2747 5378 non
2800 5331 2925 5390 puto
2959 5321 3323 5375 necessarium
3353 5319 3579 5382 dicere;

1997 5414 2366 5470 aedificationis
2396 5422 2570 5466 autem
2600 5413 2791 5481 gratia,
2834 5412 3009 5474 Pater,
3040 5411 3252 5464 adveni.
3299 5411 3489 5464 Audivi
3514 5409 3583 5463 de

2003 5506 2154 5559 vobis
2180 5502 2441 5573 magnalia
2468 5512 2520 5556 et
2550 5502 2704 5554 laude
2731 5501 2912 5566 digna,
2941 5510 2994 5553 et
3022 5515 3179 5569 posse
3213 5499 3321 5553 Deo
3349 5500 3581 5552 animam

2001 5598 2230 5653 sociare.
2264 5596 2406 5649 Dixit
2446 5603 2626 5647 autem
2659 5595 2705 5648 ei
2739 5593 2903 5656 abbas
2929 5609 2942 5645 :
2971 5593 3130 5657 Deus,
3159 5593 3338 5656 frater,
3371 5591 3455 5656 qui
3490 5602 3581 5640 so-

2003 5690 2084 5743 lus
2117 5696 2268 5741 sanat
2313 5687 2505 5741 animm
2537 5686 2923 5745 infirmitatem,
2960 5688 3071 5754 ipse
3099 5695 3148 5739 te
3177 5693 3229 5738 et
3259 5698 3353 5740 nos
3393 5681 3580 5732 doceat
