4020 6232
473 281 578 337 675

1499 281 1587 337 DE
1626 279 1803 335 VITIS
1850 279 2131 338 PATRUM
2174 281 2373 336 LIBER
2416 282 2687 337 PRIMUS.

3650 288 3754 342 uiti

471 399 651 455 divina
701 396 949 453 mandata
977 438 992 463 ,
1024 404 1080 452 et
1125 396 1316 467 dirigat
1364 412 1551 452 omnes
1595 398 1660 451 ad
1708 413 1770 453 ea
1816 397 2061 452 facienda
2096 400 2143 459 Α
2170 396 2940 465 bant,etpsallentesconsona
2960 398 3758 454 voce:Dominusilluminatio

470 504 591 559 qua
616 497 915 558 opportuna
948 498 1093 543 sunt.
1121 489 1290 543 llomo
1314 491 1454 543 enim
1489 488 1761 543 hominem
1790 488 2059 542 mdificare

471 597 578 636 non
608 581 771 646 valet,
796 581 897 635 nisi
928 580 1293 649 unusquisque
1317 580 1555 633 attendat
1577 581 1926 645 semetipsum
1952 579 2058 632 fre-

469 680 790 742 qucttter,et
819 672 1001 724 sobrio
1020 671 1289 724 intellectu
1322 671 1461 739 quod
1483 672 1785 739 expedibile
1813 682 1894 726 est
1921 687 2055 740 ope-

470 774 639 829 retur,
670 765 837 817 Deum
867 764 1071 816 habens
1093 774 1519 828 cooperatorem.
1548 765 1748 817 Tamen
1781 767 2053 832 quoniam,

471 868 527 913 ut
555 858 757 921 dixisti,
788 857 1023 910 charitas
1049 855 1245 908 Christi
1278 867 1328 910 te
1359 855 1539 909 videre
1567 871 1663 909 nos
1691 857 1919 909 humiles
1943 874 2056 909 mo-

469 951 668 1002 ttachos
700 947 967 1015 perduxit,
993 960 1147 998 mane
1186 944 1487 1007 nobiscum,
1523 946 1566 998 si
1599 949 1668 999 ob
1711 945 1813 998 hoc
1840 945 2051 1011 venisti,

468 1050 527 1092 ut
559 1054 748 1094 omnes
796 1052 893 1090 nos
937 1037 1135 1089 nutriet
1177 1046 1358 1103 pastor
1393 1036 1564 1089 bonus
1602 1037 1770 1089 sancti
1821 1036 2053 1101 Spiritus

464 1130 547 1185 sui
576 1131 764 1198 gratia,
797 1130 886 1197 qui
918 1128 1152 1181 animant
1186 1144 1337 1181 suam
1369 1128 1519 1182 dedit
1553 1128 1923 1181 liberationem
1956 1144 2050 1195 pro

464 1223 642 1284 nobis,
675 1231 728 1274 et
760 1221 1001 1289 proprias
1028 1234 1156 1273 oves
1185 1231 1340 1273 vocat
1367 1234 1440 1273 ex-
1468 1219 1683 1273 nomine
1715 1218 1929 1289 (Matth.
1959 1236 2047 1283 xx;

460 1310 619 1366 loco.
652 1310 730 1381 κ).
767 1312 889 1366 llaec
917 1312 1126 1365 dicente
1167 1312 1391 1375 abbate,
1426 1312 1644 1366 ﬂectens
1673 1313 1862 1365 iterum
1897 1311 2051 1364 Zosi-

460 1416 576 1455 ntas
624 1414 816 1470 genua,
864 1412 1079 1469 accepta
1126 1401 1408 1466 oratione,
1442 1400 1718 1468 respondit
1769 1402 1961 1465 Amen,
1995 1410 2049 1456 et

459 1495 656 1549 matisit
688 1496 739 1547 in
771 1494 959 1548 eodem
994 1494 1343 1547 monasterio.

530 1583 659 1640 Car.
693 1584 781 1642 IV.
804 1613 874 1623 -—
897 1584 1041 1637 Vidit
1066 1594 1244 1636 autem
1278 1584 1346 1637 ibi
1376 1583 1615 1637 seniores
1646 1583 1851 1635 artibus
1881 1591 1935 1637 et
1962 1582 2044 1635 vi-

460 1674 614 1730 sione
640 1674 1011 1744 splendentes,
1042 1675 1232 1743 spiritu
1264 1674 1531 1729 ferventes
1550 1714 1565 1738 ,
1595 1684 1645 1726 et
1677 1674 1901 1727 Domino
1927 1689 2041 1727 ser-

2165 504 2283 544 mea
2312 501 2363 542 et
2391 490 2537 542 salus
2568 504 2706 557 mea,
2736 505 2895 558 quem
2939 490 3175 545 timebo?
3209 491 3467 546 Dominus
3496 493 3755 548 defensor

2162 578 2283 632 vitae
2326 594 2481 643 mem,
2510 595 2538 632 a
2577 594 2681 648 quo
2728 580 3045 648 trepidabo?
3071 592 3173 635 etc.
3210 580 3380 651 (Psal.
3411 589 3593 656 xxvr),
3628 587 3751 639 exi-

2159 668 2307 733 bant,
2343 685 2502 722 unum
2546 669 2817 723 mnltoties
2852 678 2945 722 aut
2973 672 3105 725 duos
3151 674 3463 728 monasterii
3493 676 3750 730 custodes

2160 758 2554 824 relinquentes,
2579 773 2682 831 non
2733 769 2788 811 ut
2816 761 3151 814 custodirent
3176 778 3238 816 ea
3272 777 3391 831 quae
3424 764 3567 819 intus
3596 776 3751 818 erant

2159 854 2389 918 reposita
2424 853 2551 919 (non
2584 854 2724 906 enim
2770 862 2924 906 erant
2971 856 3110 921 apud
3160 857 3281 910 illos
3330 856 3505 924 aliqua
3538 859 3749 913 furibus

2159 940 2437 1008 congrua),
2469 942 2562 995 sed
2596 957 2663 996 ne
2691 945 2986 997 oratorium
3020 946 3220 1013 absque
3250 946 3445 1000 divinis
3475 949 3746 1016 relinque-

2155 1042 2270 1081 rent
2296 1033 2591 1085 solemniis.
2620 1034 2993 1103 Unusquisque
3014 1049 3187 1089 autem
3218 1053 3277 1091 se
3299 1042 3612 1093 annonabat
3635 1041 3742 1110 (9),

2155 1132 2311 1189 pront
2352 1134 2562 1193 poterat
2600 1138 2691 1179 aut
2734 1128 2967 1181 volebat.
3020 1129 3150 1182 Nam
3183 1147 3321 1185 unus
3353 1134 3593 1199 portabat
3622 1151 3744 1189 cor-

2154 1212 2267 1278 pori
2292 1214 2356 1265 ad
2387 1229 2688 1267 mensuram
2720 1216 2994 1271 sufficiens
3013 1218 3153 1288 (10),
3176 1221 3312 1274 alius
3335 1237 3577 1291 caryeas,
3603 1225 3739 1279 alios

2153 1304 2450 1369 palmarum
2512 1306 2715 1360 fructus
2770 1309 3051 1377 dactylos,
3102 1311 3237 1365 alius
3293 1327 3421 1366 vero
3476 1315 3738 1383 legumina

2149 1394 2313 1464 384
2332 1397 2486 1464 aquis
2510 1396 2854 1462 infusa,alius
2877 1400 3009 1453 nihil
3034 1411 3227 1470 praeter
3244 1418 3438 1472 corpus
3462 1405 3732 1474 proprium

2151 1496 2203 1539 et
2247 1489 2624 1542 vestimentum
2675 1506 2779 1558 quo
2811 1491 3080 1545 utebatur.
3123 1492 3505 1549 Nutriehantur
3534 1508 3732 1560 autem,

2148 1579 2365 1644 quando
2386 1582 2676 1635 necessitas
2698 1582 2944 1649 exigebat
2966 1590 3189 1651 naturae,
3210 1585 3390 1638 herbis
3421 1603 3536 1654 τμη
3561 1602 3736 1642 nasce-

2147 1666 2343 1722 bantur
2378 1686 2471 1737 per
2500 1672 2863 1727 solitudinem.
2890 1672 3076 1727 Canon
3099 1685 3277 1728 autem
3303 1687 3419 1731 erat
3451 1682 3733 1749 unusquis-

458 1769 684 1823 vientes.
736 1768 1019 1822 Psallentia
1069 1766 1146 1836 (7)
1187 1767 1259 1821 ibi
1308 1777 1442 1832 erat,
1489 1768 1835 1823 incessabiles
1881 1769 2041 1821 totius
2074 1760 2120 1819 B
2147 1776 2249 1826 que
2295 1762 2394 1815 sibi
2426 1762 2524 1831 ip-i
2573 1772 2628 1817 et
2659 1764 2745 1817 lex
2776 1765 2978 1832 absque
3022 1769 3482 1835 praevaricatione,
3515 1780 3574 1824 ut
3619 1789 3727 1826 non

457 1861 631 1915 noctis
671 1859 875 1913 habens
924 1859 1283 1925 stabilitates,
1334 1868 1390 1913 et
1437 1861 1489 1913 in
1532 1861 1777 1914 manibus
1826 1875 2042 1928 semper

456 1952 719 2019 operatio,
741 1957 794 2003 et
817 1951 868 2004 in
892 1965 987 2004 ore
1018 1949 1209 2019 psalmi
1237 1951 1408 2005 divini
1439 1954 1639 2021 absque
1666 1952 2040 2005 diminutione.

457 2043 648 2097 Sermo
681 2041 752 2095 ibi
779 2050 982 2095 otiosus
1022 2057 1127 2094 non
1162 2041 1503 2110 proﬁciebat;
1531 2043 1783 2110 cogitatio
1813 2044 1927 2097 auri
1957 2058 2043 2096 ar-

454 2136 735 2204 gentique,
765 2142 856 2188 aut
894 2136 971 2189 rei
1020 2136 1245 2204 alicujus
1288 2135 1426 2204 apud
1461 2136 1580 2190 illos
1614 2153 1718 2190 non
1765 2148 1916 2202 erat;
1943 2153 2041 2191 ex-

456 2239 622 2293 pensa
653 2224 780 2278 anni
812 2224 991 2289 totius,
1022 2235 1117 2278 aut
1148 2241 1417 2289 mensura,
1452 2227 1533 2279 vel
1582 2227 1889 2294 temporalis
1921 2228 2043 2280 vita:

453 2316 853 2380 meditationes,
884 2316 1161 2371 doloribus
1209 2334 1486 2387 congrum,
1517 2334 1617 2373 nec
1668 2334 1859 2373 nomen
1901 2319 2041 2387 apud

453 2405 571 2459 illos
598 2407 1055 2475 ciugnoseebatur;
1086 2407 1178 2460 sed
1228 2424 1391 2461 ttnum
1430 2419 1539 2461 erat
1577 2410 1805 2478 primum
1837 2412 2043 2464 solum-

453 2498 634 2563 modo,
659 2496 798 2565 quod
823 2496 1172 2551 festinabatur
1195 2500 1260 2551 ab
1287 2499 1569 2561 omnibus;
1603 2512 1659 2553 ut
1681 2506 2041 2572 unusquisque

452 2598 695 2643 mortuus
742 2598 888 2645 esset
925 2604 1182 2656 corpore,
1212 2590 1349 2644 sicut
1395 2592 1563 2646 semel
1609 2595 1828 2659 smeulo,
1863 2603 1916 2646 et
1961 2598 2040 2649 eis

451 2695 569 2751 qua:
598 2684 646 2734 in
679 2682 876 2735 sarculo
901 2692 1026 2735 sunt
1055 2683 1409 2736 mortificatns
1430 2724 1444 2747 ,
1479 2692 1533 2737 et
1555 2685 1665 2753 jam
1697 2699 1801 2738 non
1830 2685 2037 2739 vivens.

451 2770 637 2824 Cibum
666 2780 842 2826 autem
872 2772 1138 2827 habebant
1170 2772 1584 2843 indeﬁcientem,
1611 2775 1901 2829 divinitatis
1924 2777 2040 2831 elo-

450 2863 605 2931 quia;
653 2865 959 2918 nutriebant
983 2881 1108 2918 vero
1130 2880 1325 2933 corpus
1358 2882 1493 2935 pane
1522 2878 1574 2921 et
1601 2884 1757 2937 aqua,
1788 2878 1849 2922 ut
1871 2869 2040 2922 multo

449 2957 618 3027 magis
640 2958 778 3026 apud
804 2957 1034 3012 divinam
1060 2960 1397 3035 clementiam
1426 2971 1747 3027 apparerent
1768 2960 2037 3016 efficaces.

521 3048 651 3103 Car.
689 3049 750 3103 V.
778 3080 850 3090 —
882 3050 1005 3105 Hmc
1033 3050 1298 3116 Zosimas,
1331 3060 1387 3104 ut
1417 3051 1649 3115 dicebat,
1683 3053 2037 3121 perspiciens,

2146 1869 2500 1926 cognosceret
2543 1859 2733 1927 aliquis
2760 1861 3097 1927 consocium,
3127 1862 3351 1930 qualiter
3398 1864 3721 1929 abstinebat,

2143 1959 2235 2000 aut
2285 1949 2555 2016 quomodo
2603 1950 2813 2019 agebat.
2845 1950 3135 2006 .lordanem
3184 1954 3322 2006 enim
3374 1969 3496 2007 mox
3539 1966 3720 2007 trans-

2145 2050 2405 2106 meaotes,
2429 2040 2585 2108 longe
2605 2041 2671 2093 ab
2696 2041 2921 2094 invicem
2950 2057 3008 2095 se
3030 2043 3523 2111 sequestrabant,et
3543 2044 3726 2098 nullus

2144 2145 2202 2184 se
2227 2130 2483 2199 jungebat
2525 2133 2589 2185 ad
2621 2131 2844 2197 socium,
2870 2132 3143 2189 civitatem
3176 2134 3507 2188 mstimantes
3536 2135 3726 2189 solitu-

2143 2222 2347 2275 dinem.
2378 2220 2483 2276 Sed
2517 2232 2569 2275 et
2598 2223 2641 2276 si
2672 2237 2809 2276 unus
2833 2237 2901 2277 ex
2931 2223 3065 2291 ipsis
3086 2239 3115 2277 a
3146 2223 3304 2293 longe
3327 2225 3624 2279 venientem
3654 2226 3719 2277 ad

2142 2326 2201 2366 se
2228 2314 2457 2383 aliquem
2507 2313 2763 2378 videbat,
2793 2330 2916 2369 mox
2969 2315 3270 2370 declinabat
3311 2316 3379 2371 de
3426 2317 3638 2380 itinere,
3670 2326 3725 2370 et

2142 2406 2207 2458 ad
2255 2407 2411 2460 aliam
2471 2417 2673 2475 partem
2721 2408 2993 2477 pergebat.
3036 2409 3259 2463 Vivebat
3303 2417 3483 2464 autem
3536 2408 3636 2463 sibi
3669 2416 3722 2463 et

2143 2494 2274 2561 Deo,
2308 2496 2537 2564 psallens
2588 2496 2895 2565 frequenter
2925 2508 2977 2553 et
3006 2500 3299 2553 constituto
3326 2510 3549 2569 gustaris
3590 2510 3724 2554 tem-

2142 2601 2275 2654 pore
2301 2588 2497 2641 cibum.
2534 2590 2606 2641 Ita
2638 2591 2817 2643 omnia
2855 2588 3056 2658 jejunis
3090 2592 3452 2658 celebrantes,
3487 2605 3723 2646 reverte-

2142 2678 2333 2732 bantur
2362 2680 2424 2732 ad
2459 2682 2842 2735 monasterium
2884 2692 3007 2735 ante
3059 2683 3324 2736 vivificum
3371 2685 3512 2737 diem
3548 2700 3721 2738 rcsur~

2142 2771 2394 2825 rectionis
2447 2774 2652 2826 Domini
2683 2783 2737 2828 et
2766 2774 3056 2828 Salvatoris
3103 2776 3270 2829 nostri
3320 2775 3450 2830 Jesu
3500 2778 3717 2838 Christi,

2140 2878 2298 2930 quam
2328 2863 2515 2917 festam
2553 2865 2880 2918 Dominicam
2906 2881 3027 2918 cum
3059 2868 3221 2920 ramis
3253 2868 3547 2934 palmarum
3579 2866 3720 2921 cele-

2141 2954 2295 3008 brare
2322 2967 2500 3008 sancta
2534 2958 2737 3024 accepit
2766 2958 3019 3013 Ecclesia.
3057 2958 3486 3013 Revertebantur
3514 2966 3748 3025 autem,‘

2146 3048 2511 3114 unusquiSque
2538 3046 2740 3101 habens
2771 3050 2965 3116 proprii
2998 3047 3199 3101 laboris
3226 3058 3417 3102 testem
3449 3050 3718 3116 propriam

446 3140 810 3195 aditicabatur
857 3141 1012 3197 valde
1033 3180 1050 3207 ,
1078 3142 1417 3211 praetendens
1443 3158 1502 3197 se
1529 3143 1596 3196 ad
1627 3145 2028 3212 perfectionem,
2061 3137 2106 3200 C
2137 3138 2542 3203 conscientiam,
2570 3150 2980 3208 cognoscentem
3032 3142 3264 3209 qualiter
3310 3152 3564 3209 aperatus
3613 3151 3717 3206 est,

446 3241 500 3287 et
528 3246 773 3287 crescere
818 3231 1020 3287 faciens
1067 3235 1341 3301 proprium
1391 3249 1625 3299 cursum,
1656 3246 2034 3304 cooperatores

447 3322 724 3377 inveniens
752 3366 765 3388 ,
796 3324 999 3391 optime
1050 3323 1293 3378 divinum
1335 3326 1653 3381 innovantes
1701 3330 2031 3397 paradisum.

447 3412 753 3467 Transactis
807 3423 983 3467 autem
1041 3413 1246 3483 aliquot
1311 3415 1542 3481 diebus,
1593 3418 2035 3484 apprOpiuquavit

448 3511 683 3572 tempus,
725 3504 935 3571 quando
966 3518 1117 3558 saera
1159 3504 1364 3574 jejunia
1415 3506 1734 3560 Christianis
1779 3509 2031 3563 traditum

446 3600 529 3647 est
551 3591 847 3652 celebrare.
872 3602 927 3645 et
964 3592 1243 3660 purificare
1270 3594 1474 3662 seipsos
1504 3593 1574 3647 ob
1604 3595 1797 3649 divinae
1830 3598 2032 3664 passio-

447 3683 529 3737 nis
562 3681 702 3738 dieut
736 3684 1253 3752 resurrectionisque
1283 3685 1684 3737 salutationem.
1740 3685 1900 3753 Regia
1948 3687 2030 3756 (δ)

446 3782 626 3828 autem
655 3774 967 3827 monasterii
998 3788 1269 3843 nunquam
1301 3774 1663 3843 aperiebatur,
1697 3777 1789 3831 sed
1818 3792 2032 3845 semper

447 3868 803 3928 eratclausa,
833 3876 887 3920 et
926 3867 1132 3935 absque
1180 3866 1284 3920 ulla
1337 3868 1738 3935 perturbatione
1782 3869 2029 3922 monachi

446 3972 662 4012 cursum
693 3972 847 4010 suum
875 3958 1191 4025 explebant;
1230 3974 1327 4011 nec
1350 3959 1489 4011 enim
1522 3969 1638 4011 erat
1668 3959 1866 4012 licitum
1900 3976 2027 4023 ape-

444 4047 555 4104 rire
582 4049 891 4116 aliquando,
925 4050 1026 4103 nisi
1068 4049 1308 4103 fortassis
1348 4050 1640 4103 monachus
1681 4058 1899 4119 propter
1925 4052 2026 4103 ali-

443 4140 582 4207 quod
614 4155 747 4207 opus
778 4141 1141 4195 necessarium
1181 4141 1519 4194 adveniebat.
1572 4140 1854 4195 Solitarius
1884 4143 2025 4195 enim

443 4239 560 4285 erat
596 4230 744 4285 locos
771 4231 880 4295 ille,
908 4241 960 4285 et
985 4231 1227 4299 plurimis
1254 4232 1545 4285 vicinorum
1576 4247 1679 4283 non
1704 4232 1875 4284 solum
1909 4235 2029 4284 intl-

441 4306 651 4385 sitatus,
675 4320 769 4374 sed
797 4331 849 4374 et
879 4323 1195 4389 incognitus.
1221 4322 1403 4375 Canon
1430 4332 1607 4374 autem
1635 4322 1752 4377 talis
1781 4338 1808 4374 a
1839 4323 2026 4390 priscis

442 4414 758 4467 servabatur
786 4414 1116 4479 temporibus
1143 4432 1154 4465 :
1188 4424 1404 4483 propter
1442 4414 1604 4483 quod,
1634 4424 1690 4468 ut
1719 4415 2022 4480 considero,

443 4502 584 4559 Deus
626 4503 894 4558 Zosimam
928 4506 1170 4573 perduxit
1210 4507 1263 4558 in
1296 4505 1437 4559 idem
1474 4507 1876 4559 monasterium.

510 4595 641 4651 CAP.
672 4595 849 4651 VL—
889 4597 1091 4651 Dehine
1137 4612 1265 4667 ergo
1312 4597 1539 4651 referam
1585 4598 1814 4666 qualiter
1856 4599 2022 4666 ipsius

442 4690 754 4745 monasterii
784 4690 1097 4744 servabatur
1129 4689 1364 4742 traditio.
1399 4689 1668 4742 Dominica
1709 4705 1871 4760 quam
1908 4693 2022 4760 pri-

439 4794 582 4834 tnam
625 4777 954 4849 jejuniorum
1006 4778 1395 4833 hebdomadam
1446 4781 1705 4835 nominari
1762 4798 1878 4836 mos
1914 4792 2018 4847 est,

434 4873 729 4940 agebantur
754 4871 933 4925 divina
963 4882 1302 4925 sacramenta
1331 4882 1608 4935 consuete,
1639 4882 1693 4926 et
1733 4876 2018 4942 unusquis-

433 4979 538 5035 que
563 4964 831 5034 particeps
858 4962 1193 5018 efficiebatur
1222 4964 1413 5018 vivifici
1452 4979 1513 5019 ac
1544 4966 1844 5020 intemerati
1889 4982 2014 5022 cor-

434 5056 583 5124 poris
615 5066 669 5109 et
694 5055 969 5123 sanguinis
1023 5054 1231 5109 Domini
1282 5056 1447 5109 nostri
1498 5053 1625 5111 Jesu
1678 5056 1903 5110 Christi.
1950 5058 2017 5110 Et

433 5143 595 5199 solito
650 5144 915 5198 modicum
967 5144 1142 5199 cibum
1190 5154 1499 5207 sumentes,
1551 5148 2016 5215 congregabantur

431 5247 621 5288 omnes
672 5234 725 5286 in
771 5236 1087 5299 oratorium,
1116 5246 1171 5288 et
1217 5235 1448 5289 curvatis
1490 5235 1740 5303 genibus,
1770 5236 2014 5305 tactaque

432 5323 746 5392 suppliciter
775 5326 1035 5388 oratione,
1068 5325 1370 5379 salutabant
1392 5339 1452 5378 se
1482 5325 1706 5379 invicem
1739 5328 2006 5392 monachi,

434 5424 488 5471 et
516 5416 883 5485 unusquisque
911 5418 1198 5486 genuflexo
1224 5418 1435 5487 publice
1464 5419 1891 5487 amplectebatur
1919 5421 2013 5474 ab-

431 5507 631 5575 batem,
665 5507 995 5577 postulantes
1039 5507 1368 5575 orationem,
1400 5515 1459 5562 ut
1501 5506 1761 5563 haberent
1808 5508 1875 5562 ad
1920 5510 2008 5563 in-

429 5599 679 5653 choatum
729 5608 997 5654 certamen
1043 5613 1168 5653 eum
1214 5608 1616 5668 cooperatorem
1647 5610 1703 5652 et
1731 5602 2014 5654 comitate-

432 5704 568 5747 rem.
598 5690 695 5748 llis
723 5691 793 5747 ita
823 5705 883 5748 se
911 5691 1253 5760 habentibus,
1279 5693 1420 5748 fores
1448 5692 1761 5748 monasterii
1793 5695 2013 5762 pateﬁe-

2135 3240 2189 3283 ct
2216 3230 2393 3296 qualia
2438 3231 2681 3283 laborum
2726 3232 2933 3285 semina
2975 3234 3276 3285 seminavit.
3307 3234 3371 3286 Et
3403 3233 3579 3287 nullus
3610 3234 3720 3287 ullo

2137 3320 2296 3374 modo
2344 3321 2704 3390 interrogabat
2758 3323 2943 3387 alium,
2974 3324 3244 3390 quomodo
3271 3334 3361 3376 aut
3397 3326 3621 3393 qualiter
3643 3324 3717 3376 la-

2135 3410 2280 3464 boris
2310 3414 2599 3465 certamina
2626 3420 3073 3467 consummasset.

2204 3506 2331 3560 CAP.
2369 3506 2666 3559 Vll.—Hic
2690 3517 2771 3559 est
2795 3507 2969 3574 itaque
3001 3507 3156 3573 hujus
3186 3506 3490 3560 monasterii
3519 3520 3710 3570 canon,

2133 3606 2183 3650 et
2215 3597 2283 3651 ita
2317 3596 2549 3666 perfecte
2578 3608 2633 3651 et
2663 3598 2863 3665 optione
2889 3599 3305 3669 custodiebatur.
3342 3598 3713 3667 Unusquisque

2132 3692 2296 3754 enim,
2342 3702 2398 3743 ut
2424 3689 2621 3744 dictum
2654 3702 2755 3755 est,
2791 3707 2883 3758 per
2929 3678 3269 3744 solitudinem
3307 3691 3419 3744 Deo
3452 3691 3707 3759 jungeba-

2134 3791 2239 3845 tur,
2265 3790 2319 3835 et
2341 3781 2391 3834 iu
2423 3783 2710 3848 semetipSo
2741 3782 3071 3847 decertabat,
3099 3798 3165 3835 ne
3196 3781 3501 3834 hominibus
3532 3782 3709 3848 place-

2133 3881 2233 3935 ret,
2261 3872 2351 3925 sed
2400 3873 2497 3925 soli
2549 3873 2675 3924 Dto.
2712 3872 2802 3924 Illa
2848 3873 2990 3925 enim
3046 3865 3165 3940 qua:
3206 3883 3424 3941 pr0pter
3467 3872 3711 3924 homines

2133 3964 2286 4028 fiunt,
2316 3970 2370 4017 et
2414 3979 2531 4031 qua:
2572 3971 2629 4016 ut
2679 3963 2985 4017 hominibus
3024 3965 3273 4032 placeant
3318 3973 3571 4033 aguntur,
3601 3979 3705 4018 non

2129 4056 2300 4109 solum
2335 4069 2438 4107 non
2471 4056 2765 4122 proderunt
2812 4053 3155 4122 facientibus,
3184 4055 3278 4107 sed
3328 4064 3380 4108 et
3423 4070 3513 4121 per
3542 4055 3707 4109 multa

2128 4148 2321 4200 damna
2366 4146 2668 4201 efficiuntur
2717 4147 2996 4215 agentibus
3036 4146 3285 4200 obnoxia.
3329 4146 3476 4199 'l‘unc
3531 4146 3709 4214 itaque

2130 4234 2375 4289 Zosintas
2426 4246 2678 4290 cunsueta
2719 4235 3026 4287 monasterii
3056 4236 3171 4302 lege
3218 4238 3561 4289 transmeavit
3587 4236 3711 4289 Jor-

2128 4326 2343 4391 danem,
2377 4326 2641 4380 modicum
2690 4325 2815 4394 quid
2854 4340 2949 4393 pro
2998 4326 3239 4393 corporis
3271 4328 3583 4380 necessitate
3611 4326 3705 4377 de-

2129 4430 2350 4487 portans
2386 4431 2643 4488 congrua,
2674 4426 2727 4470 et
2757 4427 2957 4471 vestem
3000 4432 3102 4485 qua
3154 4417 3426 4477 utebatur;
3458 4425 3511 4467 ει
3535 4430 3700 4468 (ξδηο-

2054 4517 2105 4575 D
2132 4527 2250 4565 nem
2282 4511 2496 4580 quidem
2524 4508 2850 4573 celebrabat,
2872 4510 3210 4562 solitudinem
3234 4508 3620 4575 pertransiens,
3645 4514 3702 4559 et

2130 4612 2371 4671 tempore
2419 4618 2558 4656 esca:
2612 4602 2984 4661 necessitatem
3042 4601 3261 4653 faciebat
3288 4596 3705 4650 naturae.Sede-

2124 4697 2215 4751 bat
2262 4704 2438 4749 autem
2489 4702 2647 4746 nocte
2689 4691 2740 4746 in
2791 4701 2955 4754 terra,
2999 4692 3262 4744 modicum
3307 4688 3616 4757 quiescens.
3648 4695 3706 4741 et

2123 4802 2371 4844 Somnum
2404 4785 2469 4839 ad
2503 4785 2769 4838 modicum
2801 4792 3020 4854 gustans
3042 4824 3057 4847 ,
3095 4796 3412 4851 quocunque
3437 4795 3557 4834 eum
3584 4795 3705 4834 ves-

2121 4878 2383 4948 pertinum
2426 4875 2727 4943 reperiebat
2756 4884 2986 4943 tempus.
3020 4874 3266 4928 Diluculo
3297 4883 3475 4927 autem
3510 4887 3702 4941 prope-

2121 4986 2241 5026 rare
2301 4969 2628 5037 incipiebat,
2675 4983 2888 5035 semper
2934 4966 3252 5021 incessabiie
3306 4966 3444 5020 idem
3501 4966 3701 5018 habens

2122 5059 2481 5129 propositum,
2502 5061 2552 5111 in
2570 5056 2892 5110 desiderium
2916 5056 3135 5122 habens,
3157 5066 3212 5109 ut
3233 5055 3464 5118 dicebat,
3482 5054 3723 5107 introire’

2121 5150 2174 5204 in
2205 5147 2545 5202 solitudinem
2570 5187 2584 5212 ,
2616 5159 2839 5212 sperans
2868 5143 3106 5198 invenire
3134 5145 3370 5212 aliquem
3401 5152 3601 5211 patrem
3645 5143 3697 5194 in

2122 5256 2186 5294 ea
2234 5239 2591 5303 habitantem,
2624 5236 2712 5304 qui
2764 5251 2886 5290 eum
2937 5244 3114 5303 posset
3165 5234 3361 5300 aliquid
3408 5232 3693 5295 aedificare,

2119 5334 2257 5386 sicut
2303 5329 2661 5393 desiderabat,
2693 5336 2746 5380 et
2786 5326 2902 5381 sine
2945 5327 3249 5381 cessatione
3275 5326 3376 5378 iter
3400 5327 3611 5393 agebat.
3634 5341 3695 5379 ac

2118 5421 2163 5476 si
2187 5419 2325 5489 apud
2355 5419 2585 5486 aliquem
2614 5416 2948 5471 manifestum
2975 5415 3255 5469 festinans.
3293 5416 3486 5485 Viginti
3516 5425 3695 5469 autem

2119 5511 2323 5565 dierum
2367 5509 2587 5577 exigens
2616 5508 2738 5571 iter,
2771 5522 2890 5560 cum
2919 5514 3085 5561 sextte
3114 5507 3261 5560 hora:
3292 5514 3500 5573 tempus
3538 5505 3697 5560 adve-

2120 5602 2307 5666 nisset,
2334 5600 2480 5655 stetit
2520 5598 2788 5653 modicum
2840 5597 2909 5652 ab
2952 5597 3143 5652 itinere
3171 5614 3185 5650 :
3211 5605 3265 5651 et
3290 5609 3581 5651 conversus
3628 5594 3694 5648 ad

2116 5691 2430 5757 Orientem,
2461 5690 2650 5759 agebat
2698 5689 2908 5745 solitam
2950 5693 3275 5746 orationem.
3331 5690 3691 5745 Consueverat
