4020 6248
301 306 367 358 77
1008 301 1165 356 VITA
1212 296 1504 355 SANCTAZ
1543 294 1785 351 MANE
1829 292 2300 358 IEGYPTIACE,
2344 292 2791 349 MERETRICIS.

3440 293 3544 349 678

262 415 403 471 enim
431 412 723 467 constituto
747 410 851 467 diei
887 420 1128 477 tempore
1175 412 1335 476 figere
1367 407 1573 461 itineris
1603 419 1848 467 cursum,
1882 409 1923 464 Α
1956 404 2096 475 piam
2125 405 2419 459 orationes.
2472 404 2621 457 Tune
2674 413 2873 457 tremor
2927 404 3224 473 nimiusque
3271 415 3445 461 metus
3492 417 3548 461 et

262 520 316 562 et
358 516 507 559 stans
553 506 813 572 psallere,
845 514 896 556 et
939 502 1219 572 genttﬂexo
1262 514 1436 552 orare.
1490 498 1621 550 Dum
1669 503 1847 549 autem

264 601 532 671 psalleret,
562 609 614 651 et
646 598 696 650 in
727 598 918 651 malum
965 594 1253 662 inspiceret
1296 593 1515 644 intentis
1555 589 1849 653 obtutibus,

259 694 400 749 vidit
425 707 453 744 a
491 700 642 759 parte
672 688 889 752 dextra,
918 686 1003 739 ubi
1035 685 1253 747 orabat,
1281 683 1521 736 umbram
1569 681 1721 750 quasi
1755 680 1852 733 hu-

261 782 405 837 mani
435 780 675 848 corporis
703 788 1078 846 apparentem;
1104 783 1159 829 et
1188 775 1358 842 primo
1388 775 1598 842 quidem
1626 782 1849 827 contur-

259 874 418 928 batus
439 881 543 936 est,
574 885 635 924 ac
656 870 997 929 contremuit,
1024 868 1357 935 phantasiam
1380 868 1606 934 alicujus
1632 867 1852 936 spiritus

262 965 575 1020 existimans
603 978 660 1017 se
684 962 901 1023 vidisse,
923 962 1074 1029 signo
1096 970 1275 1013 autem
1302 961 1477 1015 crucis
1502 977 1559 1014 se
1576 961 1847 1024 muniens,

264 1068 317 1112 et
345 1072 376 1111 a
407 1070 464 1109 se
496 1055 739 1107 timorem
781 1052 1071 1120 projiciens
1100 1051 1247 1119 (jam
1297 1051 1438 1103 enim
1484 1062 1538 1104 et
1591 1052 1852 1103 orationis

264 1147 383 1217 ejus
412 1146 530 1199 linis
561 1142 836 1211 instabat).
867 1151 1190 1196 convertens
1219 1142 1425 1207 oculos,
1462 1141 1593 1193 vidit
1618 1141 1849 1208 aliquem

266 1241 318 1293 in
344 1238 564 1291 veritate
588 1245 960 1305 properantem
985 1233 1049 1284 ad
1078 1242 1281 1300 partem
1312 1231 1635 1285 Occidentis.
1666 1230 1853 1283 Mulier

264 1339 439 1384 autem
470 1336 607 1392 erat,
637 1326 780 1395 quod
809 1324 1110 1386 Videbatur,
1141 1337 1370 1389 corpore
1409 1320 1717 1390 nigerrimo,
1744 1336 1853 1389 prae

263 1422 395 1476 solis
443 1420 636 1473 ardore
665 1416 939 1485 denigrata
965 1455 982 1481 ,
1013 1422 1069 1468 et
1097 1414 1320 1482 capillos
1350 1414 1537 1479 capitis
1565 1410 1768 1465 habens
1798 1418 1857 1463 ut

262 1515 384 1572 lana
407 1515 576 1577 albus,
596 1511 835 1565 modicos
856 1518 910 1562 et
932 1509 1096 1577 ipsos,
1125 1522 1229 1560 non
1251 1505 1483 1574 amplius
1502 1497 1659 1573 quam
1681 1518 1852 1573 usque

264 1607 332 1663 ad
359 1606 623 1660 cervicem
647 1600 1060 1657 descendentes.

332 1695 466 1750 Car.
499 1693 631 1748 \‘lll.
658 1721 729 1732 —
754 1691 863 1744 Hoc
891 1692 1067 1759 itaque
1094 1687 1337 1741 Zosimas
1365 1686 1578 1750 videns,
1605 1694 1661 1739 et
1705 1684 1851 1739 desi-

1956 497 2150 550 mentis
2196 510 2447 550 excessus
2500 494 2706 562 accepit
2758 494 3047 548 Zosimam.
3099 496 3360 552 Strenuus
3401 499 3544 553 enim

1955 588 2166 641 eratvir
2191 586 2280 640 ille
2303 586 2477 651 valde,
2501 597 2553 641 et
2574 586 2864 640 divinitatis
2888 586 3028 639 dono
3065 589 3507 653 prudentissimus
3525 632 3539 653 ,

1960 693 2013 736 ct
2039 678 2289 749 cognovit
2316 678 2436 747 quia
2468 694 2529 731 ex
2562 678 2775 733 nomine
2820 694 2923 731 non
2957 687 3201 732 vocasset
3228 694 3351 733 eum
3384 697 3538 749 quem

1956 787 2225 837 nunquam
2257 771 2480 833 viderat,
2532 769 2597 823 de
2623 784 2729 838 quo
2757 784 2854 823 nec
2878 784 3111 838 unquam
3142 770 3406 835 audierat,
3441 770 3539 823 nisi

1957 862 2390 916 manifestissime
2432 860 2784 927 providentia:
2816 860 2986 928 gratia
3034 860 3218 913 fuisset
3253 860 3539 913 illustrata.

1958 953 2109 1007 Fecit
2136 966 2311 1007 autem
2343 968 2462 1004 cum
2514 951 2853 1005 fes:inatione
2905 950 3042 1019 quod
3087 950 3296 1021 jussum
3343 960 3449 1016 est,
3497 958 3544 1004 t-t

1959 1056 2162 1096 exuens
2209 1057 2267 1095 se
2324 1042 2482 1109 pallio
2533 1055 2637 1108 quo
2687 1050 2803 1093 erat
2861 1040 3098 1107 indutus,
3159 1049 3305 1110 terga
3362 1055 3547 1094 versus

1959 1131 2181 1201 projccit
2211 1132 2280 1184 ci.
2321 1132 2408 1183 Illa
2465 1131 2756 1198 accipiens,
2790 1132 2842 1183 in
2880 1140 3135 1199 quantum
3165 1136 3335 1199 potuit
3363 1141 3549 1200 tegens

1959 1234 2164 1292 partem
2221 1223 2485 1289 corporis,
2519 1238 2677 1290 quam
2710 1232 2923 1291 oportet
2983 1225 3099 1289 plus
3157 1223 3261 1292 tegi
3317 1224 3548 1286 cat-teris,

1963 1314 2244 1381 pracinxit
2289 1329 2367 1378 se,
2402 1323 2455 1367 et
2480 1329 2739 1367 conversa
2770 1315 2835 1367 ad
2868 1314 3156 1379 Zosimam,
3184 1317 3259 1369 ait
3286 1316 3333 1369 ei
3366 1332 3380 1371 :
3411 1316 3548 1383 Quid

1963 1406 2057 1458 tibi
2088 1406 2256 1458 visum
2286 1415 2388 1468 est,
2422 1404 2579 1470 abba,
2614 1406 2969 1473 peccatricem
3019 1406 3204 1461 videre
3233 1407 3546 1460 mulierem?

1961 1496 2095 1562 Quid
2125 1498 2326 1564 quieris
2355 1511 2383 1547 a
2438 1512 2525 1549 tne
2583 1495 2764 1549 videre
2792 1507 2883 1548 aut
2925 1496 3153 1560 discere,
3196 1495 3317 1563 quia
3349 1506 3551 1548 tantum

1971 1602 2076 1639 non
2110 1585 2372 1653 pigritasti
2405 1585 2631 1638 tolerare
2680 1583 2954 1637 laborem?
2990 1584 3080 1637 Ille
3116 1596 3292 1637 autem
3326 1584 3377 1637 in
3410 1594 3549 1638 terra

1962 1686 2286 1746 prostratus,
2304 1676 2559 1744 poscebat
2585 1676 3012 1730 benedictioaem
3031 1674 3322 1728 secundum
3343 1690 3547 1729 morem

269 1786 472 1842 derata:
511 1781 807 1838 dulcedinis
833 1780 1048 1850 gavisus
1078 1778 1323 1840 effectus,
1348 1778 1510 1844 cmpit
1541 1775 1853 1829 festinanter
1887 1781 1931 1839 Β
1957 1768 2220 1834 accipere.
2271 1767 2567 1821 Proslravil
2617 1776 2792 1820 autem
2846 1781 2904 1821 se
2954 1775 3009 1821 et
3062 1766 3209 1834 ipsa,
3242 1776 3297 1821 et
3342 1768 3552 1837 utrique

265 1890 488 1932 currere
517 1874 583 1929 ‘in
630 1889 749 1927 eam
799 1882 1028 1939 partem,
1060 1870 1145 1923 ubi
1176 1879 1231 1922 et
1261 1868 1402 1921 aliud
1435 1866 1575 1935 quod
1606 1866 1851 1936 apparuit

264 1970 574 2025 festinabat.
613 1965 894 2021 Gaudebat
920 1964 1065 2019 enim
1095 1963 1290 2032 gaudio
1320 1974 1532 2030 magno.
1564 1960 1677 2013 Non
1707 1960 1850 2012 enim

262 2064 473 2116 viderat
502 2063 553 2115 in
587 2060 756 2128 spatio
794 2059 1004 2112 dierum
1051 2057 1265 2109 illorutn
1314 2056 1547 2123 speciem
1597 2053 1849 2114 hominis,

266 2162 363 2206 aut
384 2151 710 2212 animalium,
739 2151 824 2204 vel
854 2150 1151 2212 volucrum,
1179 2148 1580 2215 bestiarumque
1603 2147 1849 2198 formam.

263 2243 619 2298 Desiderabat
655 2244 800 2298 enim
844 2255 1172 2311 cognoscere
1210 2255 1329 2307 quae
1370 2238 1453 2292 vel
1484 2239 1654 2306 qualis
1687 2238 1853 2291 bestia

260 2341 409 2386 esset
438 2348 561 2401 qua:
591 2332 897 2395 videbatur,
928 2344 1151 2398 sperans
1178 2329 1431 2397 quoniam
1465 2327 1726 2396 majorum
1758 2327 1854 2382 ali-

261 2423 417 2491 cujus
434 2422 740 2476 efﬁceretur
770 2420 1057 2487 profectus.
1083 2420 1175 2472 Illa
1198 2429 1375 2473 autem
1400 2427 1457 2471 ut
1478 2418 1608 2471 vidit
1638 2430 1854 2471 econtra

260 2517 532 2573 Zosimam
582 2516 916 2581 venientem,
970 2512 1133 2579 cmpit
1177 2510 1389 2578 fugiens
1438 2525 1657 2562 currere
1715 2509 1854 2577 apud

265 2607 579 2664 inferiorem
607 2606 970 2660 solitudinem.
1018 2602 1265 2656 Zosimas
1289 2610 1469 2654 autem
1497 2601 1670 2653 artatis
1701 2615 1858 2653 sene-

266 2709 409 2754 ctam
440 2697 761 2751 obliviscens
785 2738 800 2761 ,
829 2704 884 2749 et
913 2694 1149 2748 laborem
1199 2706 1302 2744 non
1342 2701 1595 2757 reputans
1626 2688 1854 2754 itineris,

270 2787 496 2843 tetendit
548 2784 894 2852 rapidissimo
936 2796 1132 2845 cursu,
1179 2779 1491 2833 desiderans
1543 2778 1858 2845 conspicere

270 2882 581 2951 fugientem.
606 2877 703 2931 llic
725 2877 867 2929 enim
903 2871 1355 2942 persequebatur;
1393 2870 1480 2921 illa
1513 2880 1690 2921 autem
1737 2883 1859 2936 pro-

273 2972 634 3045 grediebatur.
664 2970 789 3023 Erat
813 2976 990 3020 autem
1012 2979 1203 3017 cursus
1234 2960 1462 3015 Zosimze
1511 2962 1771 3022 velocior,
1805 2969 1859 3012 et

273 3064 428 3134 paulo
442 3062 777 3117 efficiebatur
794 3056 1162 3129 propinquior.
1186 3052 1284 3108 Ubi
1307 3062 1485 3105 autem
1504 3050 1856 3118 apprOpiavit,

1952 1864 2203 1932 tacebant
2230 1861 2281 1914 in
2304 1869 2466 1925 terra,
2483 1874 2619 1913 unus
2641 1875 2705 1913 ex
2725 1860 2830 1913 alio
2848 1860 3271 1915 benedictionem
3297 1875 3547 1929 poscens.

2022 1970 2153 2024 CAP.
2192 1968 2261 2023 Χ.
2290 1998 2363 2010 -
2394 1969 2518 2025 Post
2568 1971 2854 2023 mulzarum
2883 1977 3058 2024 autem
3093 1971 3344 2025 horarum
3374 1973 3542 2039 spatia

1956 2065 2091 2117 dixit
2122 2065 2311 2118 mulier
2338 2063 2405 2117 ad
2460 2063 2724 2117 Zosimam
2762 2082 2774 2116 :
2808 2065 2954 2117 Abiia
2988 2062 3223 2129 Zosima,
3259 2065 3351 2118 tibi
3398 2078 3552 2118 com-

1958 2157 2089 2224 petit
2119 2155 2438 2209 benedicere
2460 2162 2514 2208 et
2537 2170 2726 2220 orare;
2757 2164 2808 2208 tu
2837 2156 2979 2209 enim
3005 2156 3319 2226 presbyterii
3344 2156 3549 2209 honore

1967 2245 2129 2298 fultus
2158 2260 2239 2308 es,
2271 2253 2326 2298 et
2374 2245 2615 2312 plurimis
2656 2245 2765 2313 jam
2800 2247 2952 2299 annis
2997 2255 3184 2299 sancto
3229 2247 3438 2300 assistis
3466 2248 3545 2299 al-

1969 2337 2093 2402 tari,
2145 2346 2197 2389 et
2251 2336 2406 2389 donis
2458 2336 2748 2389 divinitatis
2797 2336 2995 2389 Christi
3049 2346 3255 2391 secreta
3313 2338 3548 2391 rimaris.

1961 2428 2087 2481 Haec
2120 2427 2283 2480 verba
2315 2426 2582 2480 Zosimam
2616 2426 2667 2479 in
2703 2442 2951 2495 magnum
2986 2429 3235 2481 timorem
3290 2438 3345 2483 et
3371 2437 3548 2482 certa-

1962 2534 2085 2572 men
2136 2519 2303 2585 tnagis
2334 2517 2681 2585 induce-bant,
2731 2527 2786 2572 et
2833 2526 3070 2572 tremens
3117 2534 3281 2573 senex
3338 2520 3553 2575 sudoris

1960 2610 2122 2678 guttis
2156 2608 2549 2662 iufundebatur.
2583 2608 2722 2661 Dicit
2766 2617 2945 2663 autem
2976 2609 3025 2662 ei
3054 2609 3298 2664 defessus
3347 2610 3554 2665 viribus

1962 2712 2017 2755 et
2048 2701 2197 2769 quasi
2224 2699 2386 2751 halitu
2408 2701 2516 2766 jam
2546 2700 2829 2753 conclusus
2854 2716 2869 2751 :
2902 2699 3177 2753 Manifesta
3205 2701 3314 2769 jam
3338 2700 3554 2770 quidem

1962 2806 2021 2845 es
2060 2804 2129 2843 ex
2173 2790 2285 2857 ipsa
2330 2788 2535 2842 visione
2556 2829 2573 2856 ,
2611 2803 2644 2841 ο
2669 2788 2966 2856 spiritualis
2994 2799 3193 2853 mater,
3224 2792 3476 2860 quoniam
3505 2802 3555 2845 tu

1963 2883 2030 2936 ad
2090 2882 2370 2935 Dmninunt
2425 2883 2660 2948 profecta
2692 2896 2770 2948 es,
2802 2894 2855 2935 et
2908 2882 3116 2937 fortiori
3146 2894 3297 2952 parte
3339 2893 3556 2941 'mortua

1965 2993 2044 3030 es.
2077 2972 2354 3029 Manifesta
2410 2983 2587 3027 autem
2622 2974 2743 3043 plus
2794 2976 3035 3029 omnium
3092 2977 3289 3029 tributa
3347 2985 3429 3030 est
3459 2977 3554 3029 tibi

1967 3067 2163 3137 gratia,
2197 3074 2256 3118 ut
2310 3080 2395 3117 tne
2453 3079 2674 3118 vocares
2705 3080 2769 3117 ex
2806 3065 3043 3131 nomine,
3077 3081 3235 3132 quem
3287 3081 3555 3134 nunquam

270 3166 330 3209 ιιι
352 3154 460 3223 Ῑ³¹¹¹
484 3154 646 3207 Ellam
674 3158 855 3219 P055“
880 3164 980 3202 V03
1001 3147 1193 3212 audiri,
1214 3144 1398 3213 εωβίιν
1424 3142 1519 3197 has
1539 3156 1698 3196 V0933
1716 3141 1862 3192 emi"
1892 3163 1937 3225 ρ
1970 3155 2164 3207 vidisti.
2193 3153 2301 3207 Sed
2334 3153 2453 3222 quia
2482 3156 2651 3221 gratia
2684 3167 2787 3205 non
2817 3168 2884 3206 ex
2910 3152 3166 3221 dignitate
3196 3155 3558 3222 cognoscitur,

270 3254 422 3311 teris,
451 3244 684 3298 clamare
703 3241 947 3294 Zosimas
986 3253 1111 3292 cum
1143 3236 1392 3305 lacrytnis
1416 3234 1557 3288 :Gur
1603 3246 1689 3285 me
1722 3230 1860 3300 fugis

272 3338 602 3406 decrepitum
651 3350 716 3388 ac
754 3343 1088 3402 peccatorem
1108 3370 1122 3393 ,
1152 3343 1307 3383 serve
1339 3326 1466 3381 Dei?
1496 3324 1633 3379 Vere
1657 3324 1863 3377 sustine

275 3444 364 3486 me
390 3444 484 3496 per
515 3428 704 3491 Deum,
733 3427 1033 3495 quicunque
1061 3436 1143 3486 es,
1175 3435 1270 3488 pro
1298 3417 1452 3488 cujus
1478 3417 1865 3470 nomine-hanc

275 3519 547 3576 inhabitas
576 3516 940 3573 Solitudinem.
970 3514 1186 3568 Sustine
1215 3526 1299 3565 me
1345 3509 1616 3564 infirmum
1647 3517 1700 3563 et
1730 3509 1866 3562 indi-

270 3626 464 3681 gnum.
518 3610 733 3665 Sustine
780 3622 865 3661 me
921 3622 1017 3675 pro
1048 3617 1348 3673 spc,quam
1392 3600 1563 3654 habes
1606 3614 1704 3668 pro
1736 3600 1867 3654 tanti

278 3706 483 3762 laboris
534 3703 984 3760 remuneratione.
1035 3703 1150 3767 Sta,
1175 3709 1230 3754 et
1273 3699 1447 3753 tribue
1487 3697 1784 3751 orationem
1813 3703 1869 3749 et

276 3798 705 3856 benedictionem
728 3797 840 3850 seni
862 3811 954 3862 per
978 3795 1162 3859 Deum,
1181 3793 1271 3860 qui
1290 3793 1554 3846 neminem
1579 3789 1867 3858 aliquando

182 3927 189 3934 -
278 3889 527 3960 proiecit.
563 3888 686 3942 llaec
715 3902 835 3941 cum
870 3885 1122 3955 lacrymis
1165 3883 1379 3936 Zosima
1413 3879 1738 3947 postulante,
1771 3893 1863 3930 vc-

279 3991 477 4039 nerunt
525 3990 804 4034 currentes
845 3979 896 4033 in
942 3976 1226 4046 quemdam
1259 3975 1433 4028 locum
1455 4014 1471 4037 ,
1504 3974 1555 4026 in
1584 3988 1689 4041 quo
1717 3970 1865 4039 quasi

278 4076 464 4130 aridus
493 4083 701 4129 torrens
731 4071 1128 4141 designabatur,
1161 4068 1215 4122 in
1246 4081 1356 4136 quo
1384 4065 1551 4120 fuisse
1579 4074 1869 4118 torrentem

284 4165 669 4232 consideravit;
701 4164 796 4220 sed
842 4162 991 4218 locus
1019 4161 1108 4216 ille
1138 4161 1295 4214 talem
1323 4157 1595 4223 convenit,
1622 4166 1680 4209 ut
1709 4156 1873 4208 habe-

284 4266 371 4314 ret
397 4256 832 4321 similitudinem,
856 4252 1128 4325 quomodo
1158 4252 1210 4304 in
1245 4260 1385 4305 terra
1437 4249 1527 4303 illa
1558 4247 1867 4317 apparebat.

288 4345 359 4404 Ut
386 4357 646 4402 venerunt
695 4348 877 4414 itaque
905 4346 957 4398 in
990 4341 1306 4413 praedictum
1340 4341 1534 4405 locum,
1570 4338 1697 4391 illud
1728 4337 1869 4406 quod

282 4439 513 4509 fug-iebat
535 4439 832 4507 descendit,
847 4446 901 4492 et
925 4437 1115 4490 iterum
1133 4432 1376 4487 ascendit
1392 4433 1444 4485 in
1468 4441 1667 4499 partem
1689 4431 1868 4482 aliam.

1964 3250 2055 3304 sed
2109 3264 2175 3302 ex
2224 3247 2524 3300 animarum
2568 3247 2774 3300 actibus
2826 3248 3111 3314 sigtiilitari
3162 3261 3420 3301 consueta
3450 3259 3555 3308 est,

1966 3343 2195 3398 benedic
2228 3350 2445 3409 propter
2501 3339 2692 3404 Deum,
2725 3351 2778 3393 et
2828 3341 3126 3394 orationem
3187 3341 3359 3394 tribue
3386 3341 3559 3394 indul-

1964 3439 2155 3507 gentia:
2215 3446 2319 3490 tua:
2391 3436 2756 3505 perfectionis.
2809 3434 3095 3490 Stabilitati
3154 3415 3346 3488 autem
3414 3435 3561 3487 senis

1967 3530 2143 3584 sancti
2201 3543 2507 3593 compassa,
2556 3526 3081 3581 dixitzlienedictus
3134 3526 3409 3588 Dominus,
3468 3524 3558 3591 qtti

1973 3622 2201 3675 salutem
2236 3626 2487 3685 procurat
2515 3616 2812 3668 animarum
2837 3634 2851 3681 ;
2876 3626 2929 3669 ct
2957 3614 3169 3668 Zosiuta
3196 3612 3561 3681 respondente

1970 3712 2172 3775 Amen,
2226 3717 2573 3761 surrexerunt
2622 3704 2835 3774 utrique
2874 3705 2942 3759 de
2972 3716 3134 3758 terra.
3169 3704 3237 3755 Et
3266 3703 3341 3755 ait
3370 3702 3562 3755 mulier

1973 3800 2136 3854 seni:
2192 3798 2381 3864 llomo,
2434 3809 2592 3864 quam
2650 3795 2720 3849 ob
2776 3811 2887 3849 rem
2937 3795 3002 3848 ad
3059 3809 3144 3847 me
3204 3793 3560 3860 peccatricem

1970 3891 2202 3949 vettisti?
2251 3890 2451 3944 Tamen
2504 3887 2751 3956 quoniam
2785 3887 2998 3955 quidem
3032 3897 3083 3941 te
3136 3888 3302 3957 gratia
3335 3884 3564 3953 Spiritus

1973 3984 2143 4039 sancti
2172 3981 2387 4045 direxit,
2426 3989 2483 4032 ut
2510 3978 2725 4048 aliquod
2757 3978 3113 4032 miniSIcriutn
3147 3976 3403 4029 exhibeas
3434 3987 3566 4026 mea:

1973 4073 2279 4142 exiguitatis
2330 4072 2540 4138 corpori
2590 4084 2906 4137 congruum,
2963 4069 3047 4120 die
3095 4068 3243 4132 mihi,
3292 4068 3564 4135 quomodo

1977 4164 2136 4218 hodie
2166 4161 2618 4214 Christianissima
2670 4160 2871 4228 regitur
2922 4159 3110 4221 tribus,
3164 4156 3433 4227 quomodo
3464 4158 3566 4209 im-

1976 4265 2269 4323 peratores,
2301 4251 2570 4321 quomodo
2620 4262 2819 4303 sancta:
2853 4250 3103 4305 Ecclesiae
3134 4248 3365 4317 pascitur
3396 4249 3566 4317 grex?

1991 4343 2232 4398 Zosimas
2259 4353 2436 4397 autem
2492 4344 2764 4411 respondit
2814 4343 2914 4397 hoc
2941 4344 3159 4397 verbum
3192 4343 3427 4405 :Matcr,
3462 4344 3567 4394 tuis

1976 4436 2308 4492 orationibus
2373 4436 2576 4488 sanctis
2630 4449 2814 4503 pacem
2866 4434 3109 4487 stabilem
3161 4432 3301 4486 Deus
3348 4432 3567 4500 largitus

282 4530 522 4586 ZOSiInas
547 4541 728 4585 autem
755 4529 998 4583 clamans
1018 4535 1073 4581 ει
1096 4539 1353 4594 nusquam
1378 4522 1627 4591 progredi
1660 4521 1863 4583 "31935.
1902 4533 1948 4592 ι)
1974 4540 2093 4597 est;
2146 4530 2239 4584 sed
2270 4529 2484 4597 suscipe
2515 4528 2714 4596 indigni
2744 4527 2989 4580 monachi
3032 4525 3476 4588 consolationem,
3512 4532 3568 4576 et

278 4620 431 4677 stetit
458 4622 511 4676 in
534 4623 691 4676 aliam
716 4629 923 4690 partem
956 4618 1232 4679 torrentis,
1264 4616 1355 4684 qui
1387 4615 1619 4684 speciem
1653 4614 1872 4667 videba-

279 4724 371 4768 tur
399 4714 599 4768 habere
628 4717 900 4781 torrentis,
934 4724 987 4768 et
1015 4710 1669 4781 addidit385lacrymas
1693 4708 1869 4776 lacry-

281 4802 411 4867 tuis,
432 4811 493 4857 et
521 4802 751 4870 suspiria
793 4803 1038 4870 suspiriis
1068 4800 1370 4870 ampliavit,
1402 4810 1462 4853 ut
1503 4800 1669 4852 multo
1701 4798 1869 4867 magis

280 4910 351 4951 ex
383 4893 683 4963 propinquo
705 4894 937 4947 stridore
962 4892 1133 4946 luctus
1157 4893 1386 4946 audiret.

354 4984 485 5040 Cn.
506 4980 596 5039 lX.
621 5012 689 5023 —
716 4982 867 5037 Tunc
890 4982 1020 5036 illud
1064 4997 1259 5049 corpus
1304 4982 1444 5051 quod
1476 4981 1732 5050 fugiebat,
1765 4995 1860 5032 vo-

282 5093 404 5132 cem
466 5076 626 5130 talem
677 5074 860 5129 emisit
918 5090 933 5128 :
984 5073 1132 5128 Abba
1185 5072 1419 5137 Zosima,
1474 5071 1686 5139 ignosce
1737 5071 1867 5124 mihi

286 5179 505 5237 propter
541 5167 733 5233 Deum,
773 5166 1028 5235 quoniam
1083 5162 1419 5217 manifestare
1464 5179 1549 5215 tne
1597 5164 1689 5215 tibi
1746 5177 1873 5215 con-

284 5274 439 5313 versa
468 5274 573 5312 non
603 5273 840 5328 possum.
892 5256 1076 5309 Mulier
1126 5253 1271 5307 enim
1318 5267 1457 5318 sum,
1487 5262 1540 5306 et
1586 5254 1731 5306 omni
1763 5268 1875 5307 cor-

285 5363 451 5415 poreo
478 5349 712 5417 tegmine
740 5346 904 5407 nuda,
937 5356 994 5399 ut
1027 5346 1141 5413 ipse
1169 5343 1337 5407 vides,
1357 5350 1411 5397 et
1441 5343 1682 5411 corporis
1711 5346 1874 5410 turpi-

286 5439 525 5496 tudinem
561 5441 763 5495 habens
791 5439 1067 5494 intectam.
1102 5436 1205 5494 Sed
1254 5438 1298 5489 si
1330 5436 1408 5489 vis
1448 5438 1730 5505 peccatrici
1764 5452 1876 5488 mn-

286 5532 402 5586 lieri
432 5534 731 5588 orationem
761 5548 889 5587 vere
914 5531 1172 5596 tribuere,
1200 5527 1406 5597 projice
1434 5529 1562 5581 mihi
1595 5528 1876 5581 indumen-

288 5632 400 5676 tum
456 5636 565 5691 quo
612 5622 971 5677 circumdatus
1023 5633 1082 5675 es
1114 5658 1130 5684 ,
1187 5626 1247 5672 ut
1304 5619 1500 5687 possim
1556 5619 1871 5673 muliebrem

284 5710 650 5769 infirmitatem
679 5711 892 5786 aperire
920 5710 985 5766 ad
1040 5720 1091 5766 te
1119 5722 1461 5779 convertens,
1492 5719 1547 5769 et
1576 5720 1696 5768 tuas
1726 5713 1869 5768 acci-

1976 4637 2071 4691 per
2102 4621 2382 4673 Dominum
2411 4635 2503 4671 ora
2536 4634 2630 4686 pro
2656 4618 2799 4671 omni
2830 4617 3048 4679 mundo,
3073 4626 3126 4670 et
3148 4630 3241 4684 pro
3270 4629 3355 4667 me
3378 4628 3567 4682 pecca-

1980 4722 2120 4777 tore,
2171 4720 2231 4765 ut
2281 4727 2386 4765 non
2437 4710 2592 4779 hujus
2636 4725 2834 4763 cursus
2887 4719 2940 4763 et
2995 4708 3201 4763 itineris
3250 4706 3402 4760 labor
3454 4707 3569 4758 sine

1973 4805 2145 4856 fructu
2195 4802 2322 4854 mihi
2376 4799 2639 4853 efficiatur
2696 4809 2857 4853 tanta:
2902 4798 3207 4853 solitudinis
3250 4798 3353 4851 via.
3385 4798 3452 4850 Et
3480 4798 3565 4849 illa

1979 4894 2254 4963 respondit
2288 4892 2353 4944 ad
2384 4906 2508 4946 eum
2540 4908 2555 4944 :
2587 4893 2662 4945 Te
2714 4891 2933 4959 quidem
2978 4899 3213 4959 Oportet,
3246 4889 3383 4943 abba
3420 4888 3571 4943 Zosi-

1980 5003 2085 5046 toa,
2110 4983 2421 5046 sacerdotii,
2449 4993 2505 5036 ut
2531 4983 2664 5049 dixi,
2690 4983 2971 5036 habentem
3006 4984 3283 5046 honorem,
3310 4998 3407 5050 pro
3446 4996 3567 5036 om-

1979 5078 2139 5131 nibus
2159 5086 2214 5131 et
2244 5092 2337 5144 pro
2362 5091 2447 5129 me
2467 5091 2640 5139 orare,
2668 5076 2718 5128 in
2745 5076 2843 5129 hoc
2864 5075 3006 5128 enim
3033 5082 3089 5127 et
3116 5085 3335 5127 vocatus
3356 5090 3443 5139 es;
3472 5073 3567 5127 sed

1979 5170 2103 5236 quia
2129 5167 2451 5222 obedientiaa
2478 5176 2799 5235 praeceptum
2828 5167 3105 5232 habemus,
3131 5166 3271 5234 quod
3301 5166 3429 5218 mihi
3459 5181 3488 5218 a
3521 5172 3571 5220 te

1978 5264 2183 5330 iussum
2206 5269 2307 5322 est,
2336 5260 2473 5312 bona
2507 5258 2696 5312 faciam
2718 5259 3009 5311 voluntate.
3042 5258 3107 5311 Et
3132 5258 3246 5311 haec
3269 5258 3475 5323 dicens,
3506 5260 3570 5311 ad

1983 5355 2253 5408 Orientem
2286 5365 2576 5416 conversa,
2608 5360 2663 5403 et
2692 5350 2917 5404 elevatis
2947 5348 3001 5403 in
3051 5349 3323 5404 excelsum
3375 5352 3568 5413 oculis,

1976 5446 2332 5512 manibusque
2372 5442 2633 5507 extensis,
2668 5442 2831 5509 cmpit
2857 5456 3015 5494 orare
3041 5451 3189 5494 motu
3236 5450 3441 5495 tantum
3493 5443 3571 5494 Ia-

1976 5537 2186 5589 biorum
2220 5534 2272 5587 in
2297 5533 2535 5596 silentio,
2566 5547 2777 5600 voxque
2802 5532 3011 5599 penitus
3035 5548 3139 5585 non
3164 5534 3482 5586 audiebatur
3510 5541 3571 5584 ut

1975 5633 2156 5694 posset
2184 5623 2432 5692 intelligi.
2471 5623 2623 5679 Unde
2650 5632 2704 5678 et
2732 5622 2976 5677 Zosimas
3009 5624 3149 5677 nulla
3196 5625 3364 5691 potuit
3410 5622 3566 5674 verba

1973 5732 2035 5772 ex
2064 5715 2179 5785 ipsa
2225 5714 2468 5770 oratione
2489 5730 2803 5786 agnoscere.
2834 5714 3020 5771 Stabat
3041 5725 3242 5781 autem,
3273 5724 3326 5768 ut
3349 5711 3573 5777 diccbat,
