4020 6246
492 274 559 329 79
1489 272 1574 329 DE
1619 270 1797 327 VITIS
1840 268 2123 326 PATRUM
2164 269 2365 324 LIBER
2406 271 2680 331 PRIMUS.

3634 276 3742 333 680

458 400 716 450 tremens,
749 394 946 442 terram
969 387 1326 456 conspiciens,
1353 395 1409 441 et
1453 386 1584 440 nihil
1625 387 1736 439 ullo
1764 387 1923 440 modo
1966 387 2048 441 lo—
2077 388 2126 444 Α
2158 402 2274 440 sum
2309 399 2552 456 operata.
2590 390 2767 444 Dicam
2798 401 2998 457 autem,
3027 392 3159 446 nihil
3190 407 3411 461 negans,
3447 393 3538 451 sed
3561 396 3745 448 verius

456 494 645 547 quens.
670 478 897 533 .lurabat
916 489 1114 546 autem,
1136 479 1299 533 Deum
1323 487 1509 532 testem
1537 479 1684 532 verbi
1716 493 2041 545 proponens,

456 574 707 642 quoniam
759 582 815 626 ut
860 572 989 625 vidit
1030 588 1149 627 eam
1200 581 1634 639 perseverantem
1688 573 1738 623 in
1788 571 2049 623 orationis

456 665 776 728 constantia,
801 666 1071 734 paululum
1089 664 1309 719 elevatis
1328 666 1393 719 ab
1423 676 1639 731 aspectu
1669 674 1825 718 terra:
1848 666 2013 718 oculis
2029 708 2043 731 ,

456 756 589 810 vidit
612 772 728 810 eam
761 756 1022 810 elevatam
1062 755 1213 823 quasi
1241 756 1478 807 cubitum
1513 772 1677 807 unum
1705 770 1732 805 a
1780 764 1917 807 terra
1943 794 1958 816 ,
1994 763 2047 806 et

457 846 509 899 in
532 860 657 900 aere
685 846 1005 912 pendentem
1038 859 1212 898 orare.
1242 844 1353 897 Hoc
1378 855 1556 897 autem
1591 854 1647 897 ιιι
1696 845 1847 908 vidit,
1882 845 2047 897 nimio

458 950 657 1003 pavore
705 945 1007 1005 correptus,
1037 936 1333 1003 prostravit
1378 950 1438 988 se
1485 938 1537 987 in
1587 943 1816 1001 terram,
1848 940 2047 992 sudore

455 1030 707 1095 suffusus,
737 1038 791 1083 et
816 1029 1037 1082 nimium
1078 1030 1420 1096 perterritus,
1456 1026 1585 1079 nihil
1616 1027 1795 1081 dicere
1845 1043 2048 1094 prazsu-

454 1121 655 1185 tnebat,
688 1122 740 1173 in
772 1120 953 1190 seipse
979 1133 1156 1174 autem
1188 1120 1399 1173 dicebat
1445 1136 1457 1171 :
1514 1119 1757 1183 Domine,
1793 1118 2047 1175 miserere

453 1211 579 1264 mei.

522 1298 651 1352 Car.
679 1297 767 1352 XI.
789 1329 859 1338 —
883 1298 940 1352 In
964 1308 1104 1352 terra
1133 1309 1309 1351 autem
1339 1308 1635 1367 prostratus
1655 1300 1865 1366 jacens,
1890 1312 2045 1351 sean-

451 1387 781 1444 tializabatnr
810 1390 862 1442 in
898 1397 1107 1455 mente,
1143 1401 1333 1457 putans
1363 1405 1429 1442 ne
1458 1390 1675 1456 Spiritus
1698 1399 1844 1443 esset
1868 1391 1956 1457 qui
1988 1405 2046 1443 se

456 1480 683 1551 ﬁngeret
707 1496 884 1537 orare.
914 1482 1188 1535 Conversa
1219 1492 1395 1533 autem
1426 1479 1640 1544 mulier,
1669 1481 1841 1534 erexit
1864 1497 2046 1534 mona-

454 1573 616 1628 chum
647 1573 874 1627 dicens:
909 1574 1044 1639 Quid
1078 1584 1146 1636 te,
1184 1574 1343 1637 abba,
1391 1574 1742 1639 COgitationes
1787 1580 1892 1627 tua:
1922 1589 2043 1643 per-

459 1664 676 1718 turbant
713 1664 1062 1717 scandalizari
1104 1663 1154 1715 in
1217 1679 1320 1726 ne,
1382 1664 1503 1731 quia
1550 1663 1768 1730 spiritus
1806 1678 1946 1730 sum,
1993 1675 2047 1719 et

2155 480 2403 543 referam,
2426 482 2732 548 supplicans
2763 492 2812 536 te
2843 484 2989 550 prius
3018 494 3072 536 ut
3092 498 3197 537 non
3221 483 3440 538 deﬁcias
3456 498 3615 538 orare
3645 498 3746 550 pro

2156 581 2257 626 me,
2287 578 2343 619 ut
2371 571 2793 624 misericordiam
2828 589 3037 627 merear
3067 583 3121 628 et
3153 575 3419 627 inveniam
3452 576 3505 627 in
3538 574 3627 628 die
3649 576 3745 642 ju-

2151 654 2298 709 tlicii.
2334 659 2398 709 Et
2426 672 2589 710 senex
2622 659 2852 713 suffusus
2881 662 3153 731 lacrytnis,
3188 662 3370 716 flebat.
3405 663 3553 718 Tunc
3573 666 3744 734 cmpit

2152 748 2342 800 mulier
2369 764 2588 802 narrare
2617 765 2676 802 ea
2706 768 2824 819 qua:
2851 753 2917 807 de
2946 771 3004 807 se
3034 766 3208 817 erant,
3238 757 3308 809 ita
3338 756 3524 810 dicens
3552 775 3565 809 τ

2222 840 2351 895 CAP.
2372 841 2585 894 Xlll.—
2607 846 2738 913 Ego,
2756 846 2932 911 Pater,
2949 850 3170 915 patriam
3195 849 3409 917 quidem
3442 849 3733 921 .‘Egyptum

2153 930 2309 983 habui
2339 949 2349 982 :
2390 935 2704 999 parentibus
2754 947 2932 991 autem
2966 939 3099 991 meis
3133 939 3456 1004 viventibus,
3489 943 3744 996 duodeci-

2153 1034 2298 1070 mum
2354 1035 2519 1089 agens
2562 1023 2735 1077 aetatis
2778 1041 3006 1090 annum,
3048 1027 3297 1082 allectum
3338 1030 3546 1083 illorum
3584 1047 3739 1099 sper-

2152 1122 2309 1171 nens,
2343 1110 2722 1164 Alexandriam
2756 1116 2911 1179 veni,
2942 1127 2995 1168 et
3020 1118 3291 1184 quomodo
3321 1120 3535 1187 quidem
3572 1120 3738 1192 virgi-

2151 1196 2371 1249 nitatem
2405 1214 2576 1252 meam
2612 1203 2660 1253 in
2694 1204 2879 1271 primis
2910 1207 3215 1261 violaverim
3244 1250 3258 1269 ,
3288 1220 3345 1263 et
3375 1212 3609 1277 qualiter
3657 1214 3741 1267 in-

2153 1287 2458 1343 desinenter
2480 1301 2534 1344 et
2564 1291 2931 1348 insatiabiliter
2980 1296 3109 1349 vitio
3168 1298 3407 1353 libidinis
3453 1303 3736 1375 subjugata

2149 1378 2432 1446 jacuerim,
2459 1383 2721 1435 erubesco
2748 1384 3110 1441 considerare.
3138 1387 3249 1442 Hoc
3276 1391 3420 1443 enim
3446 1407 3549 1445 non
3575 1394 3736 1448 breve

2155 1480 2239 1523 est
2266 1471 2443 1526 dicere
2478 1490 2491 1525 :
2523 1474 2652 1527 illud
2683 1486 2857 1528 autem
2905 1477 3061 1532 citius
3108 1477 3303 1542 dicam,
3333 1491 3392 1535 ut
3438 1481 3610 1550 possis
3646 1499 3738 1538 co-

2155 1575 2415 1628 gnoscere
2447 1562 2796 1618 insatiabilem
2828 1567 2941 1619 vitii
2965 1566 3070 1621 mei
3093 1570 3371 1637 ardorem,
3396 1588 3553 1641 quem
3582 1575 3737 1628 habnt

2152 1650 2201 1700 in
2234 1665 2471 1704 amorem
2500 1653 2689 1720 stupri.
2721 1653 2913 1709 Decem
2941 1665 2995 1710 et
3015 1666 3217 1725 septem
3243 1670 3298 1714 et
3322 1662 3629 1730 eoatnplius
3653 1680 3740 1717 an-

456 1756 634 1810 fictam
665 1757 962 1811 orationem
994 1757 1173 1809 facio?
1207 1755 1522 1810 Satisfacttts
1548 1765 1684 1819 esto,
1716 1757 1895 1823 homo,
1926 1773 2046 1825 pec-
2082 1760 2124 1816 Β
2152 1756 2249 1793 “05
2278 1742 2506 1812 "W598i
2538 1744 2746 1811 Publice
2770 1748 2819 1799 ίη
2850 1748 3097 1803 ίηθθηάίο
3119 1749 3308 1819 Ῑίιεθοδ
3340 1753 3590 1809 luxuria?-
3618 1756 3734 1809 N0"

454 1848 707 1901 catricem
767 1862 854 1900 me
912 1861 1030 1900 esse
1072 1847 1473 1910 mulierculam,
1514 1854 1693 1898 tamen
1736 1861 1889 1900 sacro
1927 1862 2043 1901 sum

454 1938 786 1994 circumdata
818 1938 1176 2008 baptismate;
1209 1947 1263 1992 et
1291 1954 1395 1992 non
1422 1954 1538 1991 sum
1567 1939 1808 2006 Spiritus,
1842 1940 1933 1993 sed
1965 1940 2045 1991 fa-

454 2031 578 2085 villa
609 2041 665 2085 et
692 2032 828 2085 cinis
858 2041 914 2084 et
943 2040 1108 2084 totum
1141 2046 1290 2096 caro,
1323 2042 1377 2083 et
1399 2030 1529 2084 nihil
1558 2032 1850 2100 spiritualis
1881 2031 2047 2097 phan-

456 2123 608 2176 tasiae
625 2123 914 2192 aliquando
939 2124 1017 2177 vel
1043 2125 1107 2176 ad
1134 2134 1366 2177 mentem
1390 2124 1671 2177 reducens.
1700 2124 1822 2179 Ilzec
1841 2125 2046 2188 dicens,

454 2213 609 2283 signo
630 2215 806 2267 crucis
835 2215 1008 2281 signat
1037 2215 1262 2268 frautem
1287 2232 1457 2280 suam,
1482 2217 1774 2284 oculosque
1797 2225 1851 2271 et
1875 2217 2046 2283 labia;

453 2300 717 2370 simulque
744 2313 798 2356 et
828 2304 1031 2369 pectori
1066 2306 1315 2358 vexillum
1341 2307 1515 2359 crucis
1561 2308 1785 2373 infigens
1808 2348 1821 2371 ,
1855 2308 1924 2360 ita
1967 2307 2047 2360 di-

454 2396 529 2447 xit
557 2412 571 2446 :
605 2395 764 2458 Deus,
793 2398 933 2448 abba
966 2395 1177 2448 Zozima
1198 2437 1211 2460 ,
1247 2397 1314 2450 de
1345 2397 1653 2452 adversario
1680 2410 1731 2451 et
1762 2400 2052 2453 immissio-

456 2485 611 2539 nibns
658 2486 777 2554 ejus
823 2486 1014 2541 liberet
1059 2503 1177 2550 nos,
1227 2489 1476 2557 quoniam
1532 2489 1694 2543 multa
1742 2506 1904 2559 super
1948 2508 2049 2545 nos

456 2586 539 2629 est
569 2576 762 2630 invidia
810 2576 947 2645 ojns.
987 2578 1109 2631 Ilmc
1160 2578 1385 2635 audiens
1417 2596 1604 2645 senex,
1653 2584 1937 2648 prosternit
1967 2600 2046 2644 se,

461 2678 515 2721 et
543 2668 897 2734 apprehendit
928 2671 1091 2738 pedes
1137 2670 1272 2739 ejus,
1323 2671 1511 2725 dicens
1564 2689 1683 2725 cum
1738 2675 1985 2744 lacrymis
2033 2692 2047 2727 :

459 2759 698 2813 Obsecro
748 2772 798 2812 te
850 2775 943 2829 per
995 2762 1271 2814 Dominum
1318 2761 1502 2833 .lesum
1545 2765 1837 2830 Christum,
1867 2781 2049 2819 verum

458 2850 622 2921 386
653 2851 936 2904 Dominum
964 2861 1227 2915 nostrum,
1252 2853 1340 2920 qtti
1364 2854 1431 2906 de
1454 2868 1659 2920 virgine
1690 2855 1836 2908 nasci
1864 2855 2050 2924 digna-

460 2950 545 2993 tus
576 2951 677 3006 est,
705 2958 801 3010 pro
829 2959 936 3010 quo
967 2942 1105 2997 hanc
1134 2944 1314 2996 induta
1345 2959 1404 2997 es
1454 2946 1769 3009 nuditatem,
1805 2962 1898 3014 pro
1944 2962 2050 3016 quo

460 3032 555 3086 has
575 3048 767 3088 carnes
791 3033 1119 3102 expendisti,
1147 3044 1202 3088 ut
1229 3036 1357 3089 nihil
1382 3037 1680 3091 abscondas
1701 3052 1729 3089 a
1754 3053 1909 3092 servo
1932 3049 2043 3104 tuo,

2156 1845 2374 1901 propter
2395 1836 2622 1905 alicujus
2644 1837 2844 1893 donum
2888 1841 3246 1909 virginitatent
3277 1860 3446 1899 meam
3474 1848 3679 1915 perdidi
3715 1866 3731 1915 ;

2157 1939 2331 1992 neque
2384 1927 2528 1979 enim
2580 1930 2647 1980 ab
2694 1929 2961 1995 aliquibus
3006 1932 3133 1986 dare
3180 1934 3470 1989 volentibus
3535 1938 3733 2005 aliquid

2151 2017 2475 2084 arcipiebam
2502 2035 2516 2082 ;
2549 2018 2649 2073 hoc
2677 2022 2817 2073 enim
2858 2022 3091 2075 libidinis
3124 2023 3295 2078 furore
3323 2042 3578 2080 succensa
3606 2042 3739 2080 con-

2152 2110 2477 2174 siderabam,
2501 2121 2556 2163 ut
2587 2112 2813 2181 amplius
2844 2115 2909 2167 ad
2943 2129 3026 2169 me
3058 2114 3288 2169 facerem
3320 2131 3559 2179 curere,
3576 2118 3741 2187 gratis

2154 2201 2382 2270 implens
2435 2205 2605 2272 stupri
2662 2209 2763 2259 mei
2817 2215 2873 2261 et
2926 2208 3143 2262 sceleris
3170 2209 3520 2264 desiderium.
3555 2210 3737 2276 l‘teque

2152 2308 2280 2346 vero
2310 2297 2618 2350 consideres
2666 2299 2787 2367 quia
2835 2315 2929 2366 pro
2965 2300 3164 2356 divitiis
3194 2300 3327 2354 nihil
3359 2301 3685 2370 accipiebam
3716 2316 3732 2366 ;

2161 2386 2469 2438 mendicans
2511 2388 2650 2439 enim
2706 2386 2945 2443 vivebant
2979 2432 2993 2454 ,
3042 2399 3136 2443 aut
3174 2392 3443 2445 multoties
3491 2402 3738 2459 stuppam

2155 2475 2372 2528 filando.
2406 2478 2739 2531 Desiderium
2769 2480 2933 2543 enim,
2971 2490 3028 2533 ut
3052 2481 3191 2546 dixi,
3223 2481 3481 2535 habebam
3522 2482 3742 2535 insatia-

2155 2570 2280 2634 bile,
2316 2573 2385 2622 ita
2420 2580 2477 2622 ut
2514 2571 2879 2626 indesinenter
2910 2588 2996 2627 tne
3042 2575 3094 2628 in
3135 2576 3472 2643 sterquilinio
3518 2576 3742 2629 luxnria:

2154 2663 2472 2715 volutarem.
2506 2663 2570 2714 Et
2601 2664 2699 2716 hoc
2728 2665 2858 2717 mihi
2884 2674 3004 2719 erat
3031 2665 3309 2734 placabile,
3342 2677 3399 2720 et
3445 2667 3547 2720 hoc
3580 2668 3742 2721 vitam

2160 2754 2559 2816 existimabam,
2590 2754 2634 2807 si
2663 2753 3026 2810 indesinenter
3068 2768 3272 2811 natura:
3321 2756 3573 2825 injuriatn
3618 2772 3740 2826 per-

2154 2846 2409 2911 egissem.
2438 2845 2549 2898 lluc
2568 2846 2727 2899 modo
2751 2861 2836 2899 me
2852 2847 3008 2899 vitam
3034 2846 3280 2912 ducente,
3310 2847 3415 2900 vidi
3436 2847 3489 2900 in
3510 2846 3743 2914 quodam

2157 2945 2320 2989 aestus
2354 2942 2597 3005 tempore
2636 2936 3029 2992 multitudinem
3059 2937 3346 3008 Libyornm
3374 2948 3429 2993 et
3458 2939 3744 3010 Ᾰίεςριίοο

2156 3042 2274 3081 rum
2304 3026 2455 3096 quasi
2483 3026 2551 3080 ad
2583 3043 2730 3081 mare
2758 3039 3187 3084 concurrentem.
3215 3028 3408 3096 Repeti
3440 3031 3619 3099 itaque
3643 3028 3746 3083 ali-

461 3140 580 3194 qua;
606 3139 686 3192 es,
720 3133 777 3179 et
822 3124 999 3191 unde,
1029 3135 1085 3179 et,
1113 3127 1348 3195 quando,
1382 3129 1466 3181 vel
1514 3128 1583 3181 οι)
1628 3144 1784 3196 quam
1832 3144 2046 3184 causam
2074 3119 2122 3181 C
2156 3134 2314 3189 quem
2342 3159 2357 3181 ,
2410 3128 2471 3172 et
2516 3120 2841 3188 interrogavi
2872 3136 2886 3172 :
2918 3119 3018 3174 Ubi
3049 3120 3305 3175 festinant
3355 3123 3456 3175 viri
3500 3121 3611 3186 isti,
3651 3122 3744 3190 qui

458 3217 800 3272 solitudinem
824 3219 957 3272 hanc
974 3218 1302 3285 inbahitasti,
1317 3221 1411 3274 sed
1436 3229 1489 3275 et
1509 3222 1832 3291 omnia,qua:
1850 3224 1988 3278 circa
2005 3234 2056 3278 te

465 3316 610 3373 sunt,
634 3309 829 3363 edicito
861 3310 1024 3375 mihi,
1059 3318 1114 3363 ut
1142 3314 1231 3366 Dei
1272 3315 1532 3379 magnalia
1563 3313 1724 3367 f..cias
1753 3316 2053 3371 manierta.

468 3402 737 3470 Sapientia
783 3403 927 3456 enim
976 3406 1290 3459 abscondita
1350 3416 1405 3461 et
1464 3408 1746 3460 thesaurus
1793 3411 2054 3474 occultus,

467 3509 585 3564 quas
624 3495 826 3549 utilitas
871 3496 922 3548 in
966 3497 1244 3565 utrisque?
1284 3498 1422 3551 sicut
1459 3499 1715 3563 scriptum
1781 3511 1863 3552 est
1914 3499 2060 3570 (Ec-

463 3585 551 3639 cli.
602 3600 668 3638 xx
695 3583 741 3654 ).
793 3585 885 3639 Dic
918 3586 1048 3640 mihi
1083 3588 1260 3641 ornnia
1300 3597 1516 3657 propter
1553 3589 1749 3653 Demn;
1798 3606 1893 3643 nec
1915 3592 2056 3644 enim

465 3690 559 3741 pro
598 3675 913 3742 gloriatione
958 3684 1051 3731 aut
1100 3682 1462 3733 ostentatione
1512 3680 1708 3748 aliquid
1752 3681 1924 3745 dicis,
1956 3682 2051 3736 sed

463 3773 519 3818 ut
591 3767 716 3819 mihi
783 3766 1080 3822 satisfacias
1153 3770 1417 3835 peccatori
1483 3780 1538 3822 et
1604 3771 1840 3840 indigno.
1916 3771 2053 3825 Cre-

464 3857 534 3908 du
587 3856 727 3909 enim
782 3856 922 3921 Deo,
951 3859 1038 3911 cui
1088 3858 1251 3924 vivis,
1281 3874 1403 3913 cum
1442 3875 1549 3929 quo
1594 3870 1648 3916 et
1689 3864 2055 3927 conversaris,

469 3948 719 4014 quoniam
744 3948 817 4001 ob
850 3946 1222 4016 hujuscemodi
1254 3967 1367 4005 rem
1397 3954 1636 4006 directus
1662 3969 1778 4006 sum
1812 3956 1862 4006 in
1921 3957 2058 4009 hanc

470 4037 845 4103 solitudinem,
873 4048 930 4091 ut
956 4054 1017 4093 ea
1044 4056 1163 4109 quae
1192 4042 1333 4095 circa
1362 4053 1413 4097 te
1440 4053 1567 4097 sunt
1593 4044 1735 4098 Deus
1762 4046 1921 4099 faciat
1944 4062 2060 4100 ma.

472 4129 685 4182 nifesta.
720 4129 833 4182 Non
874 4130 1015 4185 enim
1049 4143 1249 4187 nostrai
1279 4137 1498 4189 virtutis
1527 4146 1609 4190 est
1656 4138 1873 4205 judiciis
1927 4142 2060 4193 resi-

474 4231 618 4275 stere
649 4222 760 4274 Dei.
810 4222 921 4275 Nisi
968 4222 1157 4278 fuisset
1203 4226 1528 4297 acceptabile
1575 4229 1785 4284 Christo
1834 4232 2060 4285 Domino

469 4312 812 4367 manifestare
845 4324 896 4367 te
930 4323 985 4369 et
1051 4318 1279 4385 qualiter
1327 4319 1638 4381 decertasti,
1689 4336 1787 4374 nec
1836 4324 2057 4391 teipsam

474 4406 791 4473 permiserat
810 4408 979 4461 videri
1005 4410 1074 4462 ab
1103 4410 1282 4479 aliquo
1303 4453 1316 4475 ,
1349 4428 1446 4465 nec
1477 4430 1561 4467 me
1587 4414 1915 4469 confortaret
1946 4427 2060 4470 tan—

2160 3211 2424 3266 currunt?
2458 3212 2596 3265 Dixit
2627 3223 2803 3266 autem
2829 3212 2959 3265 mihi
2988 3231 2998 3265 :
3035 3213 3089 3267 ln
3120 3213 3511 3286 Jerosolymam
3553 3230 3744 3269 omnes

2160 3302 2455 3354 ascendunt
2480 3301 2550 3354 ob
2581 3311 2778 3354 sancta!
2806 3303 2982 3356 crucis
3011 3303 3391 3357 exaltationem
3419 3346 3432 3370 ,
3465 3320 3585 3373 quae
3623 3314 3745 3372 post

2160 3392 2363 3461 aliquot
2388 3392 2507 3447 dies
2531 3394 2689 3447 solito
2715 3394 3035 3449 celebratur.
3071 3395 3189 3449 Dixi
3230 3409 3410 3451 autem
3438 3399 3486 3451 ei
3506 3406 3563 3450 et
3592 3412 3692 3465 ego
3722 3414 3740 3453 :

2163 3485 2324 3540 Putas
2354 3486 2645 3554 suscipient
2674 3500 2795 3549 me,
2837 3485 2882 3540 si
2921 3487 3140 3542 voluero
3181 3490 3260 3542 ire
3310 3504 3429 3543 cum
3465 3490 3642 3557 ipsis?
3680 3490 3747 3542 Et

2162 3576 2252 3630 ille
2279 3577 2411 3631 dixit
2448 3594 2462 3629 :
2504 3577 2562 3633 Si
2606 3579 2773 3633 habes
2817 3579 3034 3633 naulum
3060 3621 3075 3644 ,
3109 3580 3285 3633 nullus
3334 3590 3385 3633 te
3420 3580 3739 3648 prohibebit.

2163 3670 2281 3724 Dixi
2317 3672 2365 3724 ei
2404 3688 2415 3723 :
2454 3670 2613 3737 Vere,
2644 3670 2829 3737 frater,
2860 3672 3074 3725 naulum
3108 3674 3189 3727 vel
3217 3682 3489 3737 sumptum
3519 3689 3622 3726 non
3649 3673 3743 3725 ha-

2163 3760 2287 3815 beo.
2319 3762 2521 3814 Vadam
2568 3771 2743 3815 autem
2789 3775 2842 3816 et
2871 3765 3161 3818 ascendam
3214 3765 3269 3817 in
3318 3780 3479 3817 unam
3524 3766 3744 3829 navim,

2164 3870 2322 3923 quam
2355 3855 2751 3909 conduxerunt.
2798 3855 2867 3909 Et
2915 3856 3041 3911 licet
3081 3864 3345 3920 renuant,
3381 3856 3747 3921 memetipaam

2166 3949 2404 4013 tradam;
2451 3962 2645 4013 corpus
2674 3948 2816 4003 enim
2845 3964 3024 4003 meum
3057 3950 3109 4002 in
3152 3959 3415 4017 potestate
3444 3948 3697 4001 habentes
3727 3986 3744 4003 .

2168 4054 2268 4107 pro
2297 4039 2457 4093 naulo
2488 4041 2772 4107 accipient.
2802 4040 3091 4109 Promerea
3121 4049 3305 4095 autem
3336 4057 3458 4094 cum
3497 4043 3576 4094 eis
3600 4039 3747 4094 volui

2164 4133 2442 4187 ambulare
2487 4131 2646 4200 (abba
2687 4146 2859 4195 meus,
2910 4132 3145 4203 ignosce)
3177 4144 3235 4187 ut
3274 4137 3472 4187 multos
3492 4134 3749 4186 haberem

2165 4233 2551 4292 coeperatores
2582 4224 2635 4277 in
2666 4240 2799 4277 mea?
2830 4225 3065 4280 libidinis
3094 4229 3367 4293 passiOne.

2237 4318 2362 4368 Car.
2401 4314 2537 4367 XIV.
2569 4344 2639 4354 —
2668 4315 2787 4368 Dixi
2808 4315 2930 4382 tibi,
2969 4317 3042 4370 mi
3077 4319 3294 4372 domine
3322 4334 3504 4382 senex,
3536 4319 3749 4387 ignosco

2167 4407 2315 4469 mihi,
2359 4423 2426 4461 ne
2456 4408 2744 4475 compellas
2774 4424 2859 4463 me
2905 4426 3078 4464 meam
3129 4412 3308 4467 dicere
3356 4412 3746 4466 confusionem.

474 4508 580 4552 tam
636 4514 921 4567 properare
970 4503 1133 4565 viam,
1166 4518 1423 4572 nusquam
1473 4505 1739 4560 valentem
1790 4509 2059 4578 progredi,
2091 4497 2140 4556 D
2172 4500 2542 4554 Contremisco
2564 4499 2728 4565 enim,
2754 4504 2901 4557 novit
2928 4504 3204 4569 Dominus,
3227 4507 3488 4557 maculant
3517 4506 3663 4558 enim
3693 4514 3750 4558 et

473 4603 564 4647 aut
590 4602 863 4661 potentem
888 4596 956 4649 de
985 4597 1120 4650 cella
1154 4614 1267 4652 mea
1302 4600 1606 4666 procedere.

541 4686 672 4739 CAP.
708 4685 824 4740 XII.
857 4717 927 4726 —
960 4688 1084 4742 llzec
1114 4704 1181 4742 eo
1229 4691 1460 4755 dicente,
1490 4696 1580 4745 sed
1630 4702 1683 4746 et
1731 4694 1831 4746 alia
1885 4693 2059 4763 plura,

473 4774 694 4828 elevans
722 4791 847 4829 eum
878 4777 1092 4845 tnulier,
1123 4777 1259 4831 dixit
1293 4797 1305 4832 :
1343 4779 1478 4833 Vere
1505 4781 1787 4847 erubesco,
1818 4783 2057 4852 ignosce,

470 4865 606 4918 abba
629 4881 799 4933 meus,
816 4868 996 4921 dicere
1020 4870 1113 4923 tibi
1143 4871 1524 4938 turpitudinem
1549 4888 1787 4927 meorum
1814 4885 2056 4940 actuum;

471 4967 648 5014 tamen
679 4961 802 5028 quia
851 4961 1029 5014 vidisti
1084 4963 1282 5016 nudum
1313 4979 1507 5032 corpus
1538 4981 1739 5033 meum,
1772 4967 2057 5022 denudabo

472 5048 564 5102 tibi
589 5059 643 5103 et
660 5065 821 5117 opera
847 5066 1087 5106 meorum
1112 5066 1324 5107 actuum
1344 5095 1360 5119 ,
1391 5068 1752 5123 utcognoscas
1767 5074 1926 5127 quam
1950 5069 2061 5114 tur-

472 5141 553 5207 pis
583 5140 805 5193 luxuria:
822 5152 876 5195 et
896 5143 1157 5210 opprubio
1183 5146 1513 5199 confusionis
1537 5153 1735 5216 repleta
1763 5161 1845 5202 est
1881 5151 2056 5203 anima

470 5246 611 5286 mea.
626 5231 742 5286 Non
759 5235 927 5302 enim,
944 5246 999 5289 ut
1012 5246 1064 5290 tu
1078 5238 1193 5301 ipse
1205 5239 1576 5300 considerasti,
1597 5253 1813 5310 propter
1829 5243 2057 5310 aliquam

469 5322 857 5392 gloriam,qua:
885 5328 1024 5379 circa
1056 5344 1142 5383 me
1162 5338 1313 5394 sunt,
1341 5331 1463 5384 volo
1482 5347 1720 5387 narrare.
1752 5334 1887 5398 Quid
1915 5334 2059 5389 enim

473 5419 662 5478 potero
687 5412 921 5479 gloriari,
955 5431 1077 5484 qua:
1103 5419 1317 5472 diabolo
1355 5435 1447 5473 vas
1488 5422 1558 5473 fni
1605 5423 1884 5476 electionis
1934 5422 2065 5476 effe-

470 5505 600 5559 cta?
631 5505 757 5559 Scio
784 5519 965 5562 autem
994 5512 1117 5577 quia
1148 5514 1192 5565 si
1224 5528 1443 5582 coepero
1476 5530 1695 5570 narrare
1715 5534 1775 5569 ea
1799 5532 1919 5584 qua:
1940 5526 2066 5570 sunt

470 5597 539 5652 de
581 5613 683 5664 me,
716 5599 889 5669 fugies
915 5616 945 5653 a
978 5617 1082 5662 me,
1111 5607 1260 5670 quasi
1286 5607 1404 5674 quis
1432 5608 1595 5676 fugiat
1622 5625 1649 5660 a
1680 5608 1813 5661 facit:
1840 5623 2062 5678 serpen-

472 5689 562 5754 tis,
600 5688 820 5746 auribus
850 5705 956 5744 ttou
988 5694 1168 5747 valens
1198 5696 1405 5763 audire,
1432 5698 1502 5751 ob
1531 5698 1908 5767 inexpedibilia
1942 5715 2063 5769 qua:

2182 4591 2354 4659 ipsum
2388 4606 2567 4645 aerem
2592 4592 2677 4644 isti
2707 4607 2985 4647 sermones
3009 4596 3137 4648 mei.
3166 4595 3401 4648 Zosimas
3432 4604 3615 4647 autem
3644 4606 3754 4648 ter-

2178 4697 2291 4735 ram
2345 4682 2596 4753 lacrymis
2637 4684 2922 4740 infundens
2948 4728 2963 4752 ,
3013 4688 3287 4756 respondit
3333 4688 3400 4741 ad
3450 4702 3569 4743 eam
3605 4705 3619 4741 :
3662 4688 3756 4742 Dic

2169 4782 2390 4841 prepter
2419 4775 2609 4840 Deum,
2634 4792 2666 4829 ο
2689 4786 2859 4831 mater
2885 4792 3027 4841 mea,
3060 4779 3165 4843 dic,
3200 4789 3254 4833 et
3284 4795 3352 4832 ne
3381 4779 3757 4847 praatermittas

2168 4865 2445 4933 sequentia
2489 4876 2595 4919 tam
2641 4868 2931 4922 salutifera:
2960 4870 3306 4924 narrationis.
3338 4870 3428 4923 Illa
3458 4881 3634 4925 autem
3663 4872 3757 4923 ad-

2166 4959 2394 5027 jungens
2434 4960 2601 5026 priori
2655 4964 2968 5027 narrationi,
3020 4965 3228 5018 addidit
3258 4967 3372 5019 hinc
3411 4965 3549 5020 :lile
3578 4975 3755 5019 autem

2168 5050 2487 5106 adolescens
2518 5053 2743 5108 audiens
2794 5070 3101 5109 sermonum
3161 5073 3403 5111 meorum
3458 5059 3759 5113 obscuritao

2170 5153 2275 5198 tem
2302 5146 2439 5215 (ll),
2487 5147 2672 5200 ridens
2700 5146 2970 5202 discessit.
3004 5149 3116 5216 Ego
3145 5161 3321 5203 autem
3362 5150 3560 5215 fusum,
3595 5166 3756 5219 quem

2168 5252 2327 5290 manu
2360 5238 2630 5304 tenebam,
2675 5240 2966 5309 projiciens
2994 5242 3160 5309 (hunc
3198 5242 3341 5297 enim
3383 5252 3505 5312 post
3548 5254 3760 5309 tempus

2167 5331 2529 5385 conveniebat
2567 5345 2654 5384 me
2698 5330 2927 5402 tenere),
2958 5332 3166 5386 cucurri
3192 5335 3258 5386 ad
3287 5350 3457 5399 mare,
3500 5335 3586 5388 ubi
3638 5334 3761 5388 illos

2170 5424 2415 5490 perspexi
2447 5430 2726 5477 currentes
2753 5463 2768 5487 ,
2799 5433 2855 5477 et
2879 5424 2985 5476 vidi
3014 5423 3243 5491 juvenes
3272 5425 3476 5491 aliqum
3497 5426 3550 5479 in
3575 5426 3757 5479 littore

2169 5524 2395 5580 stantes,
2420 5530 2645 5570 numero
2674 5517 2825 5585 quasi
2854 5515 3063 5578 decem,
3092 5518 3225 5571 satis
3246 5534 3475 5587 corpore
3499 5521 3759 5587 vultuque

2167 5608 2476 5673 acerrimos,
2500 5615 2556 5662 et
2584 5606 2649 5662 ad
2680 5606 2733 5661 id
2769 5607 2910 5676 quod
2944 5609 3073 5662 mihi
3123 5620 3242 5664 erat
3287 5609 3570 5679 placabile,
3620 5610 3761 5678 opti-

2167 5713 2303 5754 mos.
2340 5700 2506 5755 Erant
2535 5710 2713 5755 autem
2744 5708 2801 5756 et
2835 5700 2960 5763 alii,
2990 5701 3082 5771 qui
3119 5701 3232 5775 jam
3285 5716 3449 5760 naves
3490 5700 3757 5758 ascende-
3816 5776 3835 5789 .
