4020 6240
310 344 399 403 681

1062 346 1217 401 VITA
1258 338 1550 401 SANCTzE
1589 329 1828 394 MANE
1874 327 2335 393 .EGYPTIACA‘Z.
2378 336 2808 398 MERETRICIS.

3463 339 3567 399 882

311 469 445 517 rant.
483 459 821 527 Impudenter
845 468 1048 524 autem,
1074 469 1131 513 ut
1158 458 1286 512 mihi
1316 456 1648 513 consuetudo
1670 464 1805 520 erat,
1832 452 1885 506 in
1918 453 1965 511 Λ
1994 452 2243 520 progredi
2275 454 2458 510 valens
2487 457 2712 524 (factum
2738 456 2934 524 quippe
2963 453 3138 511 fuerat
3160 469 3353 527 corpus
3383 473 3566 514 meum

316 551 493 606 medio
524 565 708 604 eorum
750 565 835 604 me
876 550 1139 604 irruenter
1181 544 1339 613 dedi,
1372 547 1557 601 dicens
1592 564 1604 600 :
1649 543 1885 612 Accipite

309 652 360 695 et
390 654 478 696 me
506 641 780 693 vobiscum
822 653 926 706 quo
970 638 1222 708 pergitis,
1277 651 1381 691 non
1417 638 1558 692 enim
1608 649 1702 689 ero
1736 633 1889 689 vobis

310 734 683 803 implacabllis.
709 730 814 786 Sed
847 740 901 785 et
947 728 1080 785 alios
1108 729 1442 784 sordidiores
1470 729 1747 795 proferens
1774 744 1889 783 ser-

310 840 527 887 mones,
578 838 765 876 omnes
814 821 879 874 ad
932 820 1212 875 ridendum
1261 822 1548 874 commovi.
1596 821 1673 873 Illi
1712 829 1887 873 autem

312 916 776 969 inerubescentem
810 920 1011 965 motum
1045 927 1221 967 meum
1252 913 1497 967 videntes
1522 953 1537 977 ,
1564 911 1891 980 accipientes

312 1005 469 1076 387
499 1019 607 1067 me,
654 1002 707 1056 in
738 1003 1032 1055 naviculam
1070 1012 1438 1070 portaveruut.
1473 1002 1678 1056 Exinde
1710 1010 1889 1056 autem

314 1098 699 1166 navigationem
731 1082 1016 1165 coepimus.
1046 1097 1174 1162 Quae
1222 1105 1397 1152 autem
1446 1103 1568 1166 post
1615 1096 1730 1152 haec
1773 1105 1889 1151 acta

313 1198 458 1253 sunt,
489 1188 756 1256 quomodo
786 1187 880 1243 tibi
912 1203 1168 1243 enarrare
1194 1196 1415 1256 potero,
1463 1203 1496 1243 ο
1540 1185 1702 1242 homo
1744 1189 1839 1243 Dei
1869 1189 1894 1242 ’ἔ

313 1284 444 1347 Qua:
489 1283 665 1349 lingua
709 1281 890 1335 dicere
924 1290 1100 1350 potest
1131 1320 1146 1345 ,
1176 1283 1254 1335 vel
1294 1281 1440 1335 auris
1465 1281 1603 1335 valet
1624 1280 1809 1336 audire
1830 1295 1892 1335 ea

313 1389 434 1443 qure
463 1376 515 1426 in
541 1375 781 1426 navrcnla
809 1372 890 1427 vel
924 1371 1117 1426 itinere
1162 1370 1295 1425 facta
1333 1372 1502 1426 sunt?
1534 1370 1804 1440 quomodo
1825 1370 1891 1425 ad

315 1464 648 1533 peccandum
681 1472 735 1517 et
763 1462 949 1515 volens
984 1464 1213 1517 misr-ros
1249 1479 1349 1533 ego
1378 1464 1763 1531 compellebam
1793 1479 1893 1518 no-

315 1556 512 1611 lentes.
551 1555 667 1610 Non
700 1565 784 1609 est
812 1555 1115 1616 narrabilis,
1147 1554 1240 1610 sed
1281 1555 1651 1612 inenarrabilis
1672 1560 1893 1628 nequis-

314 1649 447 1703 sima
485 1649 726 1715 sperics,
766 1648 919 1717 cujus
968 1658 1095 1702 tunc
1143 1663 1259 1702 sum
1313 1648 1610 1704 infelicibus
1640 1651 1891 1719 magistra

314 1740 607 1795 sceleribus
652 1740 861 1796 effecta.
896 1741 1039 1810 Ergo
1083 1755 1225 1795 nunc
1273 1741 1573 1796 satisfactus
1601 1753 1740 1805 esto,
1771 1744 1891 1813 quia

1990 556 2020 596 a
2075 541 2126 597 vi
2172 545 2641 613 comprimentium
2686 545 2839 600 valde
2890 546 3277 617 confractum),
3312 550 3573 606 recedens

1990 632 2236 700 discessi,
2284 644 2340 690 et
2361 636 2484 691 steti
2526 637 2577 691 in
2605 637 2832 704 quodam
2861 635 3056 705 angulo
3093 637 3213 690 atrii
3249 639 3465 706 templi;
3517 653 3574 696 et

1991 726 2077 779 vix
2102 725 2406 795 aliquando,
2457 728 2530 784 ob
2554 744 2711 797 quam
2757 742 2974 783 causam
3025 724 3348 797 prohibe-bar
3388 729 3573 785 videre

1994 814 2262 870 vivificum
2306 815 2509 885 lignum
2565 816 2617 869 in
2672 815 3049 887 cogitationem
3104 817 3317 872 reduxi.
3378 816 3576 888 Tetigit

1993 900 2137 961 enim
2168 914 2405 962 mentem
2434 916 2489 961 et
2515 906 2697 962 cordis
2728 908 2834 963 mei
2866 909 3052 964 oculos
3096 908 3395 965 intellectus
3424 911 3571 965 salu-

1994 995 2085 1060 tis,
2116 997 2419 1067 recogitans
2446 997 2569 1066 quia
2597 997 2835 1067 squalida
2862 1007 3074 1052 actuum
3103 1013 3342 1052 meorum
3372 1000 3575 1054 scelera

1997 1085 2127 1141 mihi
2181 1087 2490 1144 introeundi
2537 1087 2736 1143 aditum
2793 1087 3141 1144 obserabant.
3196 1088 3345 1158 ϐαξρί
3399 1091 3577 1159 itaque

1994 1181 2128 1235 flens
2161 1183 2383 1237 nimium
2414 1182 2721 1238 conturbari
2771 1191 2827 1239 et
2879 1191 3066 1252 pectus
3120 1183 3365 1249 tundere,
3415 1193 3578 1253 atque
3633 1235 3637 1238 .

1997 1274 2230 1340 suspiria
2260 1275 2328 1329 de
2355 1274 2618 1343 profundo
2670 1276 2849 1328 cordis
2904 1273 3207 1343 proferens,
3260 1282 3314 1328 et
3361 1288 3579 1343 gemens

1998 1363 2314 1435 ejulansque
2344 1367 2589 1435 prospexi
2620 1365 2672 1420 in
2718 1366 2836 1421 loco
2866 1364 2918 1419 in
2951 1381 3055 1434 quo
3093 1365 3319 1422 stabam.
3367 1380 3578 1420 sursum

1997 1456 2279 1527 imaginem
2307 1469 2507 1511 sanctze
2534 1458 2627 1512 Dei
2671 1458 2947 1526 genitricis
2975 1467 3229 1524 stantem,
3260 1466 3317 1513 et
3368 1460 3475 1523 aio,
3511 1459 3576 1512 ad

1996 1561 2114 1602 eam
2140 1547 2423 1601 intendens
2465 1554 2521 1601 et
2562 1546 2956 1601 indeclinanter
2989 1547 3272 1601 attendens
3301 1563 3316 1600 :
3352 1546 3575 1601 Domina

1996 1640 2167 1709 virgo,
2198 1655 2317 1710 quae
2347 1638 2513 1693 Deum
2563 1638 2791 1708 genuisti
2821 1638 3119 1694 secundum
3168 1653 3411 1707 carnem,
3467 1641 3582 1695 scio

1997 1729 2121 1799 quia
2144 1744 2244 1785 nec
2271 1728 2571 1784 condecens
2612 1742 2708 1782 nec
2737 1736 3094 1798 opportunum
3128 1729 3199 1782 sit
3225 1744 3313 1783 me
3342 1730 3423 1785 sic
3454 1729 3581 1785 hor-

315 1841 588 1897 stupesco,
637 1830 904 1901 quomodo
944 1847 1097 1886 meas
1148 1847 1295 1886 mare
1345 1832 1471 1886 illud
1511 1834 1763 1888 sustinuit
1795 1834 1899 1888 ini-

2011 1820 2177 1875 ridam
2207 1820 2431 1874 adorare
2468 1819 2754 1890 imaginem
2789 1827 2931 1874 tuam
2961 1819 3045 1873 vel
3080 1820 3428 1888 contemplari
3457 1836 3583 1875 ocna

315 1924 575 1990 quitatnm
622 1921 898 1987 luxurias,
947 1923 1214 1991 quomodo
1260 1934 1399 1978 terra
1433 1940 1536 1978 non
1586 1924 1797 1990 aperuit
1833 1939 1896 1980 os

317 2025 498 2077 suum,
528 2021 584 2068 et
621 2014 672 2066 in
704 2012 969 2068 infernum
1005 2016 1278 2068 viventem
1309 2030 1396 2069 me
1431 2011 1725 2081 demersit,
1780 2030 1899 2083 quae

321 2112 504 2157 tantas
541 2105 591 2157 in
625 2104 870 2172 laqueum
908 2107 1098 2160 mortis
1137 2106 1320 2159 induxi
1368 2106 1597 2159 animas.
1637 2106 1742 2161 Sed
1770 2149 1785 2173 ,
1842 2116 1902 2162 ut

320 2191 577 2255 arbitror,
623 2210 795 2248 meam
826 2194 966 2249 Deus
990 2240 1002 2253 .
1033 2197 1120 2265 qui
1146 2196 1410 2251 neminem
1440 2198 1552 2250 vult
1575 2197 1771 2266 perire,
1804 2198 1897 2253 sed

316 2297 507 2337 omnes
556 2283 665 2337 fieri
711 2286 890 2339 salvos
920 2283 969 2352 (1
996 2287 1129 2339 Tim.
1165 2288 1247 2355 ιι),
1289 2287 1591 2355 requirebat
1637 2287 1900 2355 paeniten-

318 2373 475 2428 tiam.
513 2374 628 2428 Non
656 2376 797 2431 enim
830 2377 941 2431 vult
973 2386 1199 2432 mortem
1229 2380 1525 2447 peccatoris
1548 2420 1561 2439 ,
1592 2379 1686 2433 sed
1717 2380 1901 2450 longa-

317 2460 538 2518 nimiter
567 2475 862 2532 exspectat,
905 2466 1177 2521 sostinens
1224 2466 1632 2521 conversionem
1681 2466 1895 2536 (Exerit.

318 2554 499 2621 xvm).
522 2552 613 2607 S‘c
640 2554 816 2624 itaque
841 2571 961 2609 cum
985 2571 1171 2624 magna
1204 2556 1541 2610 festinatione
1560 2558 1901 2613 ascendimus

318 2643 748 2714 Jerosolymam;
781 2654 834 2701 et
862 2656 1086 2714 quantos
1116 2646 1330 2714 quidem
1360 2647 1477 2700 dies
1507 2656 1630 2701 ante
1654 2647 1904 2703 festivita-

317 2746 431 2789 tem
458 2738 509 2790 in
538 2738 752 2792 civitate
768 2748 1091 2792 commorata
1107 2753 1250 2802 sum,
1271 2738 1533 2793 similibus
1559 2739 1901 2810 nequissimis

318 2824 507 2879 vacavi
534 2827 781 2892 cperibus
806 2869 822 2892 ,
852 2828 1126 2897 magisque
1158 2827 1449 2898 pejoribus.
1480 2828 1594 2883 Non
1616 2830 1759 2883 enim
1788 2831 1902 2885 suf-

320 2915 513 2971 ﬁciens
549 2917 618 2970 iui
661 2916 945 2986 juvenibus
992 2934 1201 2974 mecum
1248 2918 1301 2974 in
1348 2920 1481 2974 mari
1510 2922 1902 2977 luxuriantibus

318 3010 447 3061 etin
474 3009 664 3065 itinere
685 3054 698 3076 ,
728 3011 822 3065 sed
853 3021 907 3066 et
934 3013 1070 3067 alios
1100 3013 1297 3069 multos
1335 3016 1647 3084 peregrinos
1676 3023 1731 3069 et
1755 3013 1902 3071 cives

320 3098 382 3153 in
433 3100 538 3154 mei
578 3100 781 3157 scelere
822 3112 975 3159 actus
1021 3117 1350 3175 congregans
1376 3145 1391 3168 ,
1440 3106 1777 3176 coinquinavi
1816 3122 1901 3161 sc-

322 3188 549 3244 docens.

395 3279 521 3335 Car.
553 3279 669 3336 XV.
701 3312 770 3324 -
790 3282 1011 3351 Quando
1030 3296 1204 3341 autem
1230 3285 1372 3341 venit
1401 3295 1602 3341 sanctae
1626 3288 1909 3343 exaltatio-

323 3373 411 3427 nis
440 3372 695 3428 festivitas
739 3378 984 3443 pretiosae
1026 3380 1218 3443 crucis,
1264 3394 1364 3446 ego
1407 3381 1642 3449 quidem,
1677 3381 1814 3434 sicut
1852 3388 1908 3435 et

326 3469 500 3538 prius,
530 3471 806 3535 praeibam,
835 3471 1084 3540 juvennm
1117 3473 1413 3540 illaqueans
1440 3482 1494 3528 et
1533 3476 1752 3542 capiens
1793 3474 1908 3528 ani-

270 3620 277 3626 _
328 3575 466 3615 mas.
498 3561 613 3613 Vidi
642 3573 813 3618 autem
838 3566 1007 3628 primo
1036 3566 1270 3620 diluculo
1296 3582 1483 3621 omnes
1523 3568 1587 3619 ad
1622 3567 1902 3622 ecclesiam

329 3651 655 3704 unanimiter
678 3663 1077 3709 concurrentes.
1120 3654 1238 3710 Abii
1266 3667 1319 3711 et
1367 3672 1487 3725 egra,
1519 3671 1741 3713 currens
1785 3674 1905 3711 rum

328 3741 692 3800 currentibus.
718 3752 771 3797 et
815 3747 934 3798 veni
965 3761 1085 3799 cum
1138 3747 1242 3800 illis
1273 3747 1325 3800 in
1375 3748 1568 3802 atrium
1604 3749 1820 3815 templi;
1853 3757 1910 3801 et

329 3846 451 3888 cum
478 3831 713 3887 venisset
733 3835 861 3889 hora
892 3837 1227 3891 exaltationis
1253 3836 1446 3893 divinae
1481 3841 1677 3904 crucis,
1709 3841 1903 3908 impiu-

331 3922 520 3991 gebam
551 3931 606 3976 et
646 3924 993 3990 impingehar,
1042 3927 1442 3997 repellebarque
1491 3927 1906 3996 quodammodo,

332 4010 591 4065 festinans
629 4013 833 4081 ingredi
865 4029 983 4068 cum
1016 4016 1229 4082 pupulo,
1260 4026 1503 4070 coarctor
1543 4033 1708 4087 usque
1738 4019 1802 4072 ad
1825 4018 1908 4087 ja-

334 4113 492 4154 nuam
520 4102 700 4170 templi
730 4119 848 4157 enm
889 4106 970 4158 his
1010 4107 1096 4173 qui
1142 4107 1591 4173 ingrediebantur,
1622 4125 1742 4162 cum
1786 4124 1901 4163 ma-

341 4204 439 4256 gna
466 4191 660 4245 laboris
690 4195 1036 4249 tribulatione
1078 4195 1509 4264 appropinquans
1538 4206 1592 4253 et
1630 4215 1730 4268 ego
1776 4200 1908 4254 infe-

344 4273 456 4333 Iix:
500 4282 708 4348 quando
755 4294 933 4337 autem
990 4286 1195 4354 ingredi
1246 4288 1509 4356 volebam,
1565 4289 1640 4343 illi
1694 4291 1907 4358 quidem

338 4382 522 4425 omnes
550 4372 666 4427 sine
692 4373 1067 4442 impedimento
1116 4359 1572 4442 ingrediebantur,
1619 4395 1703 4433 me
1731 4395 1904 4435 amem

336 4458 507 4515 divina
542 4463 715 4529 aliqua
748 4465 917 4519 virtus
964 4466 1298 4535 prohibebat,
1350 4484 1454 4522 non
1503 4470 1781 4539 indulgens
1825 4472 1908 4525 in-

2003 1908 2070 1962 lis
2100 1909 2261 1964 tantis
2290 1908 2538 1964 sordibus
2572 1909 2812 1978 pollutis,
2842 1924 2962 1979 quae
2987 1924 3108 1965 esse
3129 1910 3278 1979 virgo
3306 1909 3582 1979 dignoscea

2001 1998 2076 2051 ris
2106 2007 2160 2053 et
2188 2009 2358 2063 casta,
2384 2013 2501 2066 qua:
2523 2012 2718 2068 corpus
2746 2007 2800 2054 et
2832 2000 3064 2053 animam
3111 2000 3274 2055 habes
3326 1999 3584 2056 immacu-

2003 2088 2165 2143 latam
2192 2106 2205 2142 :
2233 2089 2432 2156 justum
2465 2096 2546 2141 est
2575 2103 2661 2144 me
2709 2088 3036 2143 luxuriosam
3080 2103 3109 2143 a
3164 2099 3249 2143 tua
3302 2090 3582 2159 purissima

2005 2180 2267 2234 castitatis
2291 2178 2548 2233 munditia
2582 2178 2881 2234 abominari
2908 2189 2960 2236 et
2992 2180 3203 2248 projici.
3226 2179 3427 2237 Tamen
3452 2196 3584 2249 quo-

2005 2270 2169 2334 niam,
2204 2280 2259 2325 ut
2290 2270 2495 2335 audivi,
2547 2270 2617 2324 ob
2657 2271 2759 2325 hoc
2807 2270 3028 2326 effectus
3078 2279 3161 2325 est
3209 2270 3350 2325 Deus
3400 2273 3581 2335 homo,

2005 2376 2161 2429 quem
2195 2363 2307 2429 ipsa
2355 2361 2513 2431 digna
2554 2360 2804 2430 genuisti,
2836 2371 2892 2414 ut
2935 2369 3248 2429 peccatores
3279 2369 3493 2415 vocaret
3518 2360 3586 2414 ad

2007 2453 2395 2525 penitentiam,
2427 2453 2616 2522 adjuva
2645 2467 2729 2506 me
2754 2452 3047 2507 solitariam
3077 2460 3130 2506 et
3152 2452 3354 2505 nullum
3382 2450 3582 2507 habena

2006 2555 2112 2599 tem
2163 2546 2515 2614 adjutorium,
2564 2544 2778 2613 percipe
2840 2543 3233 2599 confessionem
3288 2559 3485 2607 meam,
3533 2552 3585 2600 et

2006 2634 2135 2688 mihi
2167 2635 2439 2689 licentiam
2498 2634 2673 2688 tribue
2721 2633 2965 2688 ecclesiae
3013 2631 3331 2701 patefactum
3383 2634 3585 2702 ingredi

2004 2726 2227 2789 aditum,
2261 2732 2318 2780 et
2353 2740 2455 2780 non
2484 2725 2687 2780 efficiar
2716 2725 2886 2779 aliena
2927 2738 2957 2777 a
2984 2723 3188 2780 visione
3217 2725 3585 2792 pretiosissimi

2007 2817 2157 2886 ligni,
2202 2818 2253 2871 in
2282 2830 2387 2885 quo
2430 2814 2621 2869 affixus
2670 2815 2809 2871 Deus
2856 2814 3035 2880 homo,
3081 2829 3239 2885 quem
3282 2815 3587 2885 concipiens

2008 2911 2119 2979 ipsa
2165 2910 2315 2979 virgo
2343 2907 2617 2978 peperisti,
2669 2916 2724 2962 et
2777 2905 3050 2975 proprium
3098 2906 3410 2976 sanguinem
3441 2907 3586 2961 dedit

2006 3018 2105 3073 pro
2144 3017 2257 3057 mea
2289 3002 2623 3057 liberatione.
2664 2998 2821 3066 lube,
2850 3014 2884 3055 ο
2914 3000 3158 3067 Domina,
3193 3008 3249 3054 et
3276 3000 3405 3055 mihi
3452 3001 3590 3057 indi-

2007 3108 2126 3161 gnae
2151 3093 2218 3147 ob
2244 3092 2435 3146 divina:
2469 3090 2643 3145 crucis
2673 3090 3044 3145 salutationem
3073 3090 3291 3160 januam
3319 3091 3582 3162 pateﬁeri.

1931 3176 1978 3238 ο
2008 3193 2061 3239 et
2081 3194 2133 3239 te
2158 3200 2223 3239 ex
2254 3192 2308 3239 te
2337 3183 2514 3254 genito
2537 3183 2755 3237 Christo
2794 3181 3158 3252 dignissimam
3190 3183 3259 3238 do
3297 3183 3583 3252 fidejusso-

2010 3291 2141 3341 rem,
2175 3276 2294 3344 quia
2322 3287 2586 3343 nunquam
2613 3271 2751 3327 ultra
2781 3287 2953 3326 meam
2984 3288 3201 3328 carnem
3224 3274 3587 3343 coinquinabo

2011 3383 2105 3437 per
2136 3367 2345 3422 horrida
2378 3366 2760 3421 immistionum
2809 3365 3065 3432 ludibria;
3116 3366 3211 3421 sed
3241 3382 3362 3421 mox
3390 3375 3449 3420 ut
3492 3365 3588 3421 ﬁlii

2015 3462 2113 3527 tui,
2148 3461 2307 3529 Virgo
2327 3469 2534 3525 sancta,
2583 3458 2764 3513 videro
2809 3457 3030 3527 lignum,
3077 3458 3273 3513 saeculo
3304 3466 3354 3511 et
3382 3456 3588 3513 actibus

2010 3554 2166 3623 ejus,
2217 3562 2267 3606 et
2323 3551 2569 3606 omnibus
2621 3565 2739 3620 qua:
2786 3549 2840 3603 in
2901 3563 2966 3604 eo
3021 3557 3145 3604 sunt
3200 3551 3486 3615 renuntio,
3536 3562 3591 3607 et

2010 3646 2262 3700 continuo
2310 3643 2554 3713 egredior
2597 3641 2896 3711 ubicunque
2938 3641 3049 3709 ipsa
3079 3650 3139 3695 ut
3189 3641 3473 3711 fldejussor
3503 3657 3590 3696 me

2011 3738 2249 3792 duxeris.

2084 3827 2212 3881 Car.
2244 3824 2406 3880 XVII.
2442 3854 2509 3866 --
2552 3824 2675 3880 Ilaec
2698 3824 2904 3887 dicens,
2932 3832 2983 3878 et
3010 3823 3159 3893 quasi
3185 3823 3412 3893 aliquam
3437 3823 3592 3877 satis-

2013 3918 2291 3973 factionem
2317 3916 2601 3984 recipiens,
2635 3915 2753 3970 fidei
2783 3930 3040 3971 succensa
3061 3915 3260 3980 calore,
3288 3925 3342 3970 et
3369 3916 3436 3969 de
3479 3916 3591 3985 pie-

2012 4010 2133 4064 tatis
2160 4007 2453 4063 visceribus
2480 4006 2576 4061 Dei
2605 4006 2879 4076 genitricis
2917 4020 3266 4074 praasnmens,
3313 4005 3452 4071 movi
3504 4017 3591 4059 me

2011 4102 2080 4156 de
2106 4101 2294 4155 eodem
2326 4098 2463 4167 loco,
2512 4099 2562 4152 in
2604 4113 2711 4167 quo
2738 4107 2886 4153 stans
2926 4097 3022 4153 feci
3054 4100 3384 4163 orationem;
3418 4106 3472 4152 et
3498 4112 3591 4153 ve-

2011 4193 2184 4257 niens,
2215 4192 2402 4246 iterum
2435 4190 2853 4261 ingredientibus
2884 4206 2970 4245 me
3000 4190 3207 4257 miscui,
3233 4199 3287 4246 et
3313 4193 3452 4246 ultra
3482 4205 3589 4245 non

2012 4291 2128 4336 erat
2155 4281 2243 4350 qui
2274 4294 2359 4335 me
2385 4281 2690 4348 repelleret,
2734 4295 2903 4350 neque
2924 4281 3013 4351 qui
3043 4297 3128 4335 nte
3156 4282 3465 4350 prohiberet
3494 4296 3590 4350 ap-

2015 4370 2375 4440 prOpinquarc
2402 4370 2598 4438 ianuis,
2634 4371 2824 4440 quibus
2869 4372 2922 4425 in
2972 4372 3228 4439 templum
3276 4372 3589 4427 introibant.

2012 4467 2231 4536 Accepit
2254 4480 2381 4535 ergo
2410 4480 2495 4519 me
2522 4478 2721 4519 tremor
2760 4462 2966 4519 validus
2995 4462 3159 4534 388
3204 4472 3259 4518 et
3288 4463 3509 4527 extasis,
3539 4472 3590 4517 et

335 4555 573 4606 troitum.
618 4554 735 4608 Mox
767 4557 925 4622 igitur
960 4559 1191 4627 repulsa,
1225 4559 1479 4626 ejiciebar
1509 4560 1683 4625 foras;
1711 4570 1765 4617 et
1792 4562 1906 4628 eje-
1938 4552 1985 4611 D
2013 4567 2117 4612 tota
2147 4573 2211 4612 ex
2240 4556 2487 4611 omnibus
2518 4555 2863 4610 tremebunda
2913 4558 3186 4609 turbabar.
3235 4553 3416 4622 Itaque
3454 4568 3589 4608 con-

333 4650 440 4708 cta,
471 4643 776 4698 inveniebar
804 4649 917 4701 sola
947 4649 999 4699 in
1044 4649 1180 4702 atrio
1220 4658 1387 4703 stans.
1434 4652 1792 4707 Considerans
1820 4669 1912 4707 au-

339 4742 447 4786 tem
479 4748 572 4801 per
598 4737 911 4792 muliebrem
941 4740 1300 4794 infirmitatem
1334 4743 1434 4797 hoc
1483 4745 1611 4798 mihi
1642 4745 1907 4809 accidere,

336 4821 533 4877 iterum
562 4825 678 4879 aliis
708 4841 796 4879 me
831 4827 1198 4893 immiscendo,
1228 4832 1331 4885 vim
1361 4834 1486 4885 mihi
1514 4834 1909 4902 quodammodo

335 4908 597 4967 faciebam
655 4915 976 4979 introeundi,
1016 4918 1106 4971 sed
1155 4919 1295 4973 enim
1354 4919 1660 4975 laborabam
1711 4922 1762 4976 in
1820 4939 1909 4977 va-

332 5016 512 5056 cuum.

404 5090 532 5147 CAP.
566 5092 702 5173 XVI.
733 5123 803 5134 —
842 5094 913 5149 Ut
941 5093 1083 5149 enim
1140 5097 1318 5150 limina
1368 5099 1590 5168 vesﬁgio
1640 5101 1910 5170 continge-

337 5181 456 5235 bam
482 5227 497 5249 ,
526 5198 715 5237 omnes
741 5184 963 5237 interius
989 5187 1398 5252 recipiebantur,
1432 5190 1631 5242 nullum
1655 5191 1909 5247 habentes

338 5274 805 5341 impedimentum,
851 5294 937 5333 me
993 5289 1169 5333 autem
1227 5283 1392 5336 solam
1448 5299 1551 5338 non
1584 5286 1905 5353 recipiebat;

338 5365 430 5418 sed
456 5365 609 5433 quasi
659 5358 901 5421 militaris
932 5369 1212 5423 multitudo
1249 5382 1390 5424 esset
1437 5380 1611 5425 taxata
1662 5384 1718 5427 ut
1776 5376 1903 5429 mihi

338 5454 650 5523 ingredienti
682 5458 882 5512 aditum
911 5459 1203 5524 clauderet,
1226 5461 1294 5514 ita
1328 5477 1411 5515 me
1430 5464 1700 5528 repentina
1728 5466 1903 5535 aliqua

342 5545 654 5611 prohibebat
681 5550 867 5613 virtus,
903 5557 954 5603 et
985 5549 1175 5603 iterum
1200 5551 1508 5605 inveniebar
1531 5552 1582 5604 in
1614 5553 1768 5607 atrio.
1799 5553 1908 5608 IIoc

345 5644 427 5688 ter
454 5645 510 5692 et
536 5646 723 5707 quater
762 5654 914 5705 passa
961 5648 1017 5693 et
1062 5641 1241 5696 facere
1270 5656 1489 5706 conans,
1523 5644 1759 5711 nihilque
1789 5660 1909 5709 pro«

344 5726 546 5796 ficiens,
578 5733 870 5799 desperans
898 5732 967 5786 de
1008 5744 1223 5798 caetero,
1279 5743 1332 5789 et
1374 5734 1601 5805 amplius
1648 5750 1907 5805 nusquam

584 5865 853 5924 I‘nnoc.
888 5862 1144 5924 LXXIII

2010 4651 2237 4720 jnngens
2267 4663 2353 4701 me
2403 4647 2467 4700 ad
2519 4646 2759 4717 januam,
2816 4645 2969 4714 cujus
3025 4643 3153 4698 mihi
3196 4644 3370 4698 aditus
3416 4644 3588 4712 primo

2012 4742 2356 4797 claudebatur
2386 4736 2562 4808 (quasi
2591 4737 2765 4791 omnis
2810 4737 2981 4790 virtus
3025 4749 3148 4804 qua:
3195 4736 3341 4802 prius
3386 4733 3589 4801 ingredi

2012 4847 2101 4886 tne
2140 4830 2476 4900 prohibebat,
2518 4835 2640 4897 post
2665 4835 2840 4881 autem
2875 4826 3014 4880 viam
3062 4822 3392 4892 ingrediendi
3436 4837 3590 4891 para-

2013 4920 2143 4987 ret),
2191 4920 2260 4971 ita
2290 4916 2489 4984 absque
2536 4914 2899 4983 impedimenti
2942 4913 3123 4968 labore
3169 4911 3400 4974 introivi,
3430 4920 3484 4965 et
3512 4910 3589 4965 sic

2016 5010 2151 5062 intra
2181 5014 2362 5061 sancta
2390 5013 2695 5059 sanctorum
2746 5011 2956 5072 reperta
3000 5016 3142 5066 sum,
3195 5009 3248 5055 et
3279 4999 3495 5067 pretiosi
3524 5015 3588 5053 ac

2012 5100 2204 5156 vivifici
2236 5099 2409 5154 crucis
2435 5097 2563 5166 ligni
2611 5097 2834 5151 adorare
2884 5094 3194 5165 mysterium
3222 5093 3375 5162 digna
3410 5091 3587 5147 habita

2012 5209 2128 5247 sum
2162 5210 2174 5245 :
2206 5204 2255 5247 et
2306 5202 2430 5245 tunc
2459 5189 2564 5243 vidi
2594 5189 2686 5243 Dei
2740 5195 3095 5250 sacramenta,
3149 5193 3205 5240 et
3251 5185 3479 5254 qualiter
3503 5193 3588 5239 est

2012 5295 2225 5354 paratus
2254 5282 2523 5347 suscipere
2573 5278 2913 5347 poenitentes.
2966 5277 3119 5331 Tunc
3165 5275 3451 5344 projiciens
3500 5289 3586 5327 me

2010 5390 2190 5429 curam
2222 5373 2275 5426 in
2316 5381 2533 5433 terram,
2565 5378 2617 5423 et
2654 5378 2895 5423 sanctum
2926 5367 3052 5421 illud
3084 5366 3396 5421 exosculans
3429 5363 3582 5434 pavi-

2012 5472 2271 5524 mentum,
2300 5462 2528 5515 exibam.
2560 5458 2793 5513 Currens
2815 5467 2988 5513 autem
3035 5456 3099 5511 ad
3152 5456 3293 5511 illam
3336 5471 3452 5525 qua:
3488 5469 3587 5537 'mc

2014 5554 2271 5616 fidedixit,
2292 5556 2411 5607 veni
2439 5561 2665 5607 restans.
2690 5550 2952 5619 Conjunxi
2998 5551 3152 5620 igitur
3204 5565 3289 5603 me
3335 5549 3387 5600 in
3435 5545 3583 5599 illum

2012 5646 2189 5699 locum
2231 5644 2317 5698 ubi
2350 5643 2698 5698 fidedictionis
2742 5643 3100 5711 conscriptum
3153 5648 3269 5696 erat
3314 5636 3582 5701 chirogra-

2016 5735 2199 5805 phum,
2230 5742 2279 5791 et
2309 5750 2444 5805 genu
2475 5748 2701 5790 curvans
2741 5748 2920 5790 coram
2948 5734 3094 5787 vultu
3124 5738 3320 5785 sancta:
3352 5723 3583 5791 Virginis

3034 5858 3111 5917 22
