4020 6222
464 313 564 366 685

1532 307 1616 362 DE
1660 308 1834 363 VITIS
1876 305 2155 362 PATRUM
2199 307 2399 363 LIBER
2439 309 2706 368 PRIMUS.

3610 311 3714 366 σει

467 431 554 483 fici
581 426 872 498 genitricis,
909 426 989 480 his
1011 425 1301 493 imprecata
1326 437 1441 476 sum
1473 423 1647 477 verbis
1673 439 1688 475 :
1714 421 1790 474 Tu
1823 421 2034 489 quidem
2062 420 2112 475 Α
2142 426 2403 474 tantorum
2436 437 2553 490 qua:
2583 421 2809 476 sustinui
2841 421 3221 490 periculorum,
3251 430 3304 474 et
3333 419 3715 490 cogitationum

464 539 694 593 semper.
729 535 761 572 o
820 517 1193 583 benignissima
1250 514 1493 576 Domina,
1554 519 1695 564 tuam
1755 507 2033 563 05tendisti

465 626 677 688 pietatis
719 607 1180 665 misericordiam:
1216 613 1266 656 tu
1316 618 1419 656 non
1465 602 1732 670 indignam
1761 598 2031 668 supplica—

466 713 661 765 tionem
692 700 989 772 proiecisti;
1022 697 1125 749 vidi
1149 694 1372 762 gloriam
1396 708 1550 760 quam
1581 701 1887 761 peccatores
1919 702 2034 741 me-

462 802 564 854 rito
591 813 693 852 non
734 793 992 851 videmus,
1024 785 1243 857 gloriam
1283 781 1657 850 omnipotentis
1689 782 1780 833 Dei
1810 780 1898 848 qui
1929 793 2024 845 per

465 903 518 945 te
546 887 764 953 suscipit
814 889 1150 950 peccatorum
1184 872 1566 941 paenitentiam.
1625 871 1763 935 Quid
1803 867 2032 934 amplius

467 982 728 1046 peccatrix
771 986 822 1030 et
853 977 1046 1027 misera
1083 968 1236 1021 valeo
1279 961 1545 1019 recordari
1602 971 1694 1015 aut
1744 959 2032 1013 enarrare?

463 1076 694 1140 Tempus
723 1076 802 1121 e~t
825 1065 930 1134 jam
966 1060 1186 1126 implere
1215 1071 1334 1125 quas
1365 1053 1601 1116 fidedixi,
1646 1051 1749 1105 fide
1795 1050 2033 1103 dilectio-

465 1166 545 1217 nis
574 1171 675 1214 tute
705 1157 914 1225 placita.
947 1151 1093 1205 Nunc
1122 1148 1210 1202 ubi
1240 1145 1331 1200 tibi
1359 1144 1677 1212 complacet,
1722 1141 1892 1209 dirige
1922 1155 2029 1194 me.

469 1255 595 1306 Esto
646 1248 773 1302 mihi
816 1242 999 1298 salutis
1050 1236 1309 1301 dueatrix,
1365 1242 1420 1290 et
1461 1233 1699 1288 veritatis
1757 1229 2030 1298 magistra,

460 1340 767 1416 praecedens
789 1352 881 1390 me
905 1335 954 1388 in
984 1332 1123 1384 viam
1169 1344 1288 1398 qua;
1335 1325 1480 1380 ducit
1527 1324 1591 1378 ad
1645 1319 2031 1416 paenitentiam.

460 1410 529 1488 lit
558 1439 672 1485 haec
700 1429 900 1489 dicens,
946 1421 1120 1477 audivi
1152 1433 1338 1474 vocem
1386 1415 1606 1483 alicujus
1645 1428 1675 1466 a
1726 1412 1881 1480 longe
1926 1410 2035 1464 cla-

459 1522 652 1578 mantis
682 1538 695 1572 :
738 1517 1023 1574 Iordanem
1054 1512 1097 1565 si
1131 1509 1422 1572 transieris,
1454 1507 1645 1560 bonam
1682 1503 1922 1557 invenies
1951 1516 2034 1555 re-

456 1615 660 1684 quiem.
693 1611 804 1680 Ego
833 1615 1006 1660 autem
1037 1604 1172 1656 hanc
1199 1614 1384 1654 vocem
1436 1595 1679 1658 audiens,
1712 1603 1766 1647 et
1813 1608 1907 1659 pro
1951 1607 2035 1646 me

459 1710 651 1765 factam
681 1699 925 1761 credens,
955 1695 1256 1763 lacrymans
1294 1688 1608 1753 exclamavi,
1639 1694 1691 1740 et
1719 1684 1782 1738 ad
1829 1685 1915 1737 Dei
1937 1696 2032 1751 ge-

460 1797 666 1857 nitricis
705 1791 986 1858 imaginem
1032 1783 1358 1855 prospiciens
1404 1777 1688 1833 vociferavi
1724 1795 1736 1829 :
1787 1776 2026 1836 Domina,
2059 1766 2107 1825 B

459 1891 705 1954 Domina,
737 1885 938 1953 Regina
970 1880 1131 1936 totius
1158 1875 1324 1940 orbis,
1367 1890 1460 1944 per
1491 1889 1648 1943 quam
1693 1873 1925 1926 humano
1951 1884 2036 1939 ge-

459 1985 575 2040 neri
604 1982 746 2036 salus
775 1975 1006 2039 advenit,
1043 1972 1149 2025 noli
1176 1984 1261 2024 me
1290 1968 1680 2034 derelinquere.
1715 1964 1780 2017 Et
1809 1963 1920 2016 haec
1949 1962 2033 2016 di-

460 2090 608 2137 cens,
637 2071 702 2125 de
730 2067 866 2122 atrio
895 2063 1077 2132 templi
1103 2074 1219 2114 sum
1243 2071 1478 2127 egressa,
1507 2065 1560 2108 et
1590 2053 1904 2107 festinanter
1923 2067 2037 2105 am-

462 2165 727 2219 bulabant.
759 2157 1006 2212 Exeunte
1035 2161 1210 2206 autem
1243 2163 1350 2216 me,
1383 2146 1513 2200 vidit
1536 2160 1620 2199 me
1645 2144 1783 2213 quis,
1816 2153 1869 2197 et
1891 2142 2037 2196 dedit

459 2255 591 2314 mihi
622 2264 728 2308 tres
758 2261 1023 2313 nummos,
1055 2245 1236 2299 dicens
1264 2259 1277 2294 :
1301 2241 1495 2309 Accipe
1515 2238 1651 2303 hmc,
1677 2251 1855 2290 nonna
1883 2236 2032 2307 (12):

458 2363 556 2418 ego
583 2355 758 2400 autem
791 2340 1075 2407 accipiens,
1102 2343 1211 2388 tres
1238 2348 1301 2387 ex
1334 2333 1410 2385 eis
1435 2345 1598 2395 panes
1623 2327 1950 2396 comparavi,
1977 2334 2034 2381 et

458 2416 558 2491 hos
596 2432 775 2500 accepi
802 2423 1159 2483 benedictioni
1188 2421 1289 2476 mei
1318 2419 1520 2473 itineris
1556 2432 1843 2486 congruos.
1869 2416 2036 2470 Inter.

459 2528 633 2600 rogavi
672 2539 794 2581 eum
821 2521 910 2590 qui
941 2532 1104 2588 panes
1132 2513 1396 2569 vendebat
1428 2528 1441 2563 :
1475 2509 1626 2566 Unde
1671 2519 1724 2564 et
1750 2509 1923 2578 qualis
1952 2510 2035 2562 via

459 2637 578 2678 csse
604 2618 862 2678 noscitur,
910 2612 1091 2674 homo,
1147 2621 1264 2676 qua:
1312 2605 1456 2659 ducit
1508 2602 1573 2656 ad
1602 2601 1934 2657 Jordanem?
1972 2601 2037 2655 Et

459 2719 785 2778 cognoscens
813 2713 1017 2774 portam
1043 2695 1270 2753 civitatis
1297 2709 1414 2765 qua:
1443 2694 1494 2748 in
1522 2693 1612 2747 illa
1641 2692 1803 2746 latera
1837 2691 2028 2761 pergit,

459 2814 678 2854 currens
709 2798 806 2851 iter
842 2792 1058 2860 agebant
1088 2788 1326 2858 plorans.

530 2891 655 2943 CAP.
695 2882 970 2938 XV’lll.——
1008 2875 1415 2946 [interrogationi
1445 2883 1622 2928 autem
1656 2871 2034 2941 interrogatio-

453 2995 582 3035 nem
606 2984 920 3036 annectens,
965 2968 1225 3036 reliquum
1253 2965 1358 3020 diei
1387 2964 1689 3030 consumpsi
1719 2963 1818 3017 iter
1849 2976 2034 3030 prope-

450 3085 620 3127 rans:
653 3075 765 3122 erat
794 3075 969 3118 autem
1001 3061 1128 3114 hora
1159 3058 1263 3113 diei
1293 3057 1472 3120 tertia,
1499 3055 1712 3125 quando
1747 3054 2047 3121 pretiosam

457 3172 512 3216 et
543 3169 777 3215 sanctam
802 3167 1014 3208 crucem
1035 3150 1218 3205 videre
1259 3148 1448 3202 merui.
1482 3148 1546 3201 Et
1576 3148 1688 3200 sole
1712 3146 1818 3215 iam
1849 3146 1915 3199 ad
1939 3161 2032 3200 oc-
2060 3129 2104 3190 C

447 3265 637 3308 casum
679 3245 998 3307 declinante,
1029 3240 1312 3296 ecclesiam
1343 3240 1482 3293 beati
1526 3239 1744 3293 Joannis
1786 3239 2031 3308 Baptistae

460 3345 682 3412 positam
708 3338 862 3408 juxta
900 3334 1185 3390 Jordanem
1216 3332 1493 3400 conspexi,
1527 3340 1578 3385 et
1606 3330 1654 3383 in
1679 3330 1867 3384 eodem
1899 3339 2036 3384 tem—

459 3439 549 3504 plo
573 3435 809 3501 ingressa
838 3428 1071 3482 adorans
1091 3423 1342 3480 continuo
1373 3424 1424 3476 in
1455 3421 1738 3476 Jordanem
1758 3421 2032 3487 descendi,

455 3539 510 3582 et
539 3543 603 3582 ex
636 3525 722 3578 illa
752 3529 934 3575 sancta
975 3533 1106 3586 aqua
1141 3531 1327 3570 manus
1377 3524 1431 3569 et
1480 3515 1667 3569 faciem
1719 3514 1838 3566 lavi.
1873 3515 2033 3567 Com-

458 3614 722 3672 municavi
744 3621 920 3668 autem
950 3608 1152 3663 vivilica
1179 3617 1233 3661 et
1258 3606 1566 3660 intemerata
1588 3604 1789 3658 Christi
1822 3604 2034 3658 Domini

458 3716 814 3770 sacramenta,
843 3704 891 3755 in
921 3700 1105 3755 eadem
1130 3707 1310 3752 sancta
1343 3695 1688 3766 prmcursoris
1706 3705 1759 3749 et
1784 3699 2036 3763 itaptistre

459 3797 680 3853 Joannis
725 3792 964 3857 basilica,
1018 3798 1071 3844 et
1120 3797 1245 3841 tunc
1293 3788 1452 3840 unius
1504 3786 1653 3852 panis
1698 3785 2034 3839 medietatem

458 3887 754 3948 eomedi,et
775 3899 840 3938 ex
861 3894 995 3948 aqua
1017 3878 1266 3934 Jordanis
1293 3877 1418 3942 bibi,
1442 3878 1652 3930 interra
1683 3884 1837 3930 nocte
1859 3876 2036 3943 quies-

457 3998 610 4038 cens.
650 3981 975 4035 Lucescente
1013 3978 1067 4028 in
1097 3976 1333 4028 crastino
1365 3974 1414 4026 in
1443 3982 1644 4039 partem
1673 3971 1828 4022 aliam
1867 3984 2037 4024 trans-

460 4074 567 4139 ivi,
597 4081 651 4126 et
680 4072 869 4124 iterum
901 4065 1025 4135 petii
1044 4064 1337 4118 ductricem
1375 4077 1546 4115 meum
1575 4069 1635 4115 ut
1670 4077 1754 4114 me
1782 4060 2038 4129 dirigeret

461 4165 549 4218 ubi
581 4165 629 4217 ei
661 4161 910 4232 placitura
939 4165 1101 4212 esset.
1148 4156 1349 4210 Deveni
1384 4167 1560 4208 autem
1589 4154 1640 4207 in
1685 4153 1822 4206 hanc
1852 4153 2038 4206 solitu-

458 4259 659 4321 dinem,
709 4264 763 4309 et
817 4268 882 4307 ex
913 4262 1040 4304 tunc
1083 4264 1249 4317 usque
1305 4247 1462 4300 hodie
1516 4245 1761 4313 elongavi
1807 4244 2033 4313 fugiens,

459 4353 775 4415 exspectans
798 4342 964 4396 Deum
997 4353 1194 4401 meum,
1221 4336 1311 4405 qui
1334 4336 1508 4389 salvos
1552 4335 1678 4388 facit
1716 4335 1939 4403 ptlSillOs
1983 4343 2034 4387 et

459 4451 700 4507 magnos,
746 4434 833 4503 qui
867 4439 1254 4486 convertuntur
1278 4427 1342 4480 ad
1374 4441 1494 4480 eum
1525 4424 1696 4493 (Psal.
1725 4425 1857 4491 Liv).
1890 4425 2038 4478 Zosi-

2136 525 2254 578 qure
2307 511 2488 579 inique
2521 512 2964 580 perturbaverunt
3010 527 3127 567 me:
3163 513 3323 566 timeo
3351 514 3494 566 enim
3545 527 3610 564 ne
3647 513 3718 566 ab

2136 600 2333 653 eisdem
2385 603 2616 670 aliquam
2674 603 2847 671 patiar
2903 603 3320 656 tribulationem.
3376 601 3515 654 Dixit
3565 600 3714 654 Zosi-

2134 703 2286 742 mas:
2333 690 2471 744 Nihil
2521 693 2808 762 relinquas,
2840 707 2873 746 o
2921 693 3155 754 domina,
3203 706 3320 759 quae
3349 706 3457 744 non
3487 690 3714 743 indices.

2135 779 2311 833 Semel
2337 783 2475 834 enim
2507 783 2559 834 in
2579 785 2678 836 hoc
2706 794 2756 835 te
2779 784 3111 837 manifestam
3132 782 3479 846 cognovimus
3505 780 3714 843 ordine.

2136 870 2310 922 omnia
2345 880 2394 924 te
2418 871 2732 925 indiminute
2759 881 2969 941 oportet
2998 889 3093 924 nos
3122 872 3367 926 educere.

2206 959 2330 1012 CAP.
2365 959 2502 1014 XIX.
2539 993 2604 1001 ——
2651 962 2739 1015 Illa
2787 972 2958 1014 autem
3001 962 3136 1014 dixit
3165 961 3259 1015 ei:
3317 960 3509 1024 Crede,
3556 960 3712 1024 abba,

2135 1049 2318 1103 decem
2349 1059 2402 1104 et
2438 1061 2640 1117 septem
2677 1055 2831 1104 annis
2863 1052 2986 1104 feris
3017 1050 3386 1104 immansuetis
3426 1059 3483 1103 et
3507 1051 3720 1102 irratio-

2136 1139 2344 1192 nalibus
2387 1140 2625 1194 eluctaus
2675 1141 2977 1204 desideriis,
3012 1141 3135 1193 dum
3185 1140 3362 1192 cibum
3412 1139 3708 1203 initiabam,

2135 1223 2399 1284 desiderio
2451 1232 2578 1284 mihi
2629 1240 2782 1285 erant
2834 1246 3058 1292 carnes;
3108 1229 3489 1297 concupiebam
3545 1229 3715 1297 pisces

2135 1337 2268 1392 quos
2311 1322 2572 1393 Egyptus
2620 1325 2881 1390 habebat;
2922 1323 3294 1378 desiderabam
3343 1324 3502 1376 etiam
3534 1324 3714 1375 vinum

2136 1416 2456 1472 delectabile
2497 1418 2662 1482 mihi;
2697 1418 2919 1470 multum
2964 1417 3104 1469 enim
3155 1415 3461 1470 delectabar
3491 1417 3542 1468 in
3569 1414 3714 1477 vino,

2136 1517 2190 1562 et
2215 1509 2736 1577 superabundantius
2768 1524 2935 1578 usque
2985 1509 3049 1561 ad
3081 1509 3392 1562 ebrietatem
3442 1506 3712 1569 bibebam,

2135 1611 2187 1654 et
2216 1614 2354 1653 nunc
2379 1599 2511 1652 mihi
2542 1608 2656 1652 erat
2687 1599 2842 1654 valde
2869 1600 2919 1652 in
2963 1598 3251 1663 desiderio,
3306 1611 3371 1652 eo
3408 1597 3547 1667 quod
3575 1597 3714 1650 mul-

2138 1700 2246 1744 tum
2274 1700 2470 1756 uterer,
2502 1691 2626 1745 dum
2656 1707 2829 1746 essem
2862 1693 2914 1745 in
2935 1692 3150 1746 saeculo.
3182 1691 3276 1745 llic
3305 1699 3482 1744 autem
3512 1704 3704 1759 aquam

2135 1782 2352 1836 omnino
2384 1799 2486 1836 non
2519 1783 2744 1849 habens,
2777 1782 3245 1837 vehementissime
3289 1781 3498 1846 urebar,
3530 1791 3583 1836 et
3621 1797 3712 1835 su-

2137 1872 2395 1926 stinebam
2431 1874 2761 1927 necessitatis
2811 1865 3126 1943 periculum.
3162 1872 3342 1927 Fiebat
3379 1873 3505 1926 mihi
3564 1882 3616 1926 et
3639 1871 3710 1924 de

2136 1960 2424 2016 luxuriosis
2451 1965 2677 2018 canticis
2727 1964 2948 2018 nimium
3001 1964 3344 2028 desiderium,
3393 1963 3709 2032 perturbans

2137 2065 2192 2111 et
2218 2060 2474 2111 reducens
2504 2056 2570 2110 ad
2603 2057 2913 2111 memoriam
2962 2057 3343 2111 dmmoniorum
3385 2056 3590 2110 cantica
3621 2054 3713 2107 de-

2136 2159 2372 2213 cantare,
2403 2163 2520 2217 quae
2548 2147 2602 2201 in
2650 2151 2848 2202 saeculo
2877 2147 3205 2202 dediccram.
3261 2147 3382 2201 Mox
3428 2157 3605 2199 autem
3642 2144 3716 2197 la-

2138 2254 2409 2310 crymans,
2453 2248 2506 2294 et
2553 2247 2739 2305 pectus
2784 2254 2960 2292 meum
2994 2238 3315 2308 percutiens,
3360 2237 3612 2303 meipsam
3651 2233 3716 2287 ad

2139 2331 2447 2386 memoriam
2489 2329 2807 2384 reducebam
2849 2331 2915 2384 de
2955 2330 3294 2384 convenienti
3357 2325 3717 2381 fidedictionis

2139 2436 2294 2491 quam
2324 2420 2576 2486 feceram,
2623 2420 2905 2489 egrediens
2953 2431 3138 2474 contra
3169 2421 3307 2473 hanc
3352 2417 3714 2473 solitudinem.

2146 2513 2429 2567 Veniebam
2461 2520 2637 2566 autem
2667 2527 2759 2578 per
2797 2511 2960 2581 389
2984 2512 3338 2581 cognitionem
3380 2521 3506 2562 ante
3534 2508 3717 2575 imagi-

2138 2617 2259 2660 nem
2289 2610 2486 2655 sanctze
2511 2601 2602 2656 Dei
2626 2601 2923 2668 genitricis,
2953 2616 3070 2667 qua:
3112 2616 3198 2655 me
3223 2614 3274 2653 et
3301 2603 3350 2652 in
3385 2599 3489 2653 fide
3512 2613 3608 2651 sua
3635 2613 3718 2651 su-

2138 2694 2327 2761 scepit,
2360 2703 2414 2748 et
2436 2703 2561 2748 ante
2593 2692 2736 2745 illam
2782 2693 3073 2759 ploraham,
3101 2701 3154 2744 ut
3184 2691 3441 2759 effugaret
3461 2706 3489 2742 a
3521 2705 3604 2741 me
3625 2704 3717 2741 co-

2139 2787 2545 2855 gitationesqua:
2565 2785 2916 2839 miserrimam
2945 2799 3113 2837 meam
3136 2782 3365 2836 animam
3388 2778 3716 2848 affligebant.

2138 2875 2360 2940 Quando
2391 2886 2568 2929 autem
2609 2872 2877 2940 superflue
2905 2873 3253 2942 dulenterque
3285 2871 3637 2941 lacrymabar,
3667 2879 3717 2923 et

2140 2968 2360 3023 viriliter
2393 2979 2578 3037 pectus
2602 2984 2778 3022 meum
2826 2968 3134 3032 tundebam,
3186 2976 3312 3020 tunc
3357 2966 3600 3020 videbam
3643 2968 3717 3018 lu-

2142 3075 2259 3115 meu
2294 3062 2523 3130 undique
2569 3059 2981 3130 circumfulgens
3022 3075 3125 3124 me,
3179 3069 3232 3114 et
3281 3057 3541 3112 serenitas
3589 3057 3717 3112 mihi

2137 3151 2377 3218 quzedam
2408 3150 2614 3204 stabilis
2641 3165 2764 3203 mox
2804 3150 2981 3203 fiebat.
3005 3147 3368 3216 Cogitationes
3392 3155 3566 3200 autem
3596 3161 3713 3214 quas

2137 3243 2202 3296 ad
2235 3242 2635 3296 fornicationem
2668 3243 2856 3296 iterum
2887 3241 3274 3309 compellebant
3305 3257 3408 3300 me,
3438 3240 3708 3308 quomodo

2141 3335 2229 3388 tibi
2252 3348 2502 3388 enarrare
2525 3333 2771 3400 possumi
2800 3333 2969 3392 Abba.
2998 3333 3230 3399 ignosce.
3254 3331 3392 3399 Ignis
3415 3332 3553 3383 intus
3575 3327 3710 3384 infe-

2139 3427 2210 3480 lix
2241 3440 2433 3494 corpus
2463 3441 2635 3478 meum
2661 3425 2816 3478 nimis
2837 3425 3212 3486 succendebat,
3237 3433 3290 3478 et
3318 3432 3477 3476 tutam
3507 3437 3590 3476 me
3614 3437 3710 3489 per

2139 3518 2315 3570 omnia
2355 3517 2627 3580 exurebat,
2659 3525 2712 3570 et
2735 3517 2798 3569 ad
2830 3517 3156 3570 desiderium
3180 3516 3564 3569 commitionis
3597 3531 3717 3580 per-

2141 3608 2402 3663 trahebat.
2437 3609 2567 3661 Dum
2599 3623 2726 3677 ergo
2757 3607 2885 3661 mihi
2926 3608 3041 3661 talis
3072 3609 3382 3662 ascenderet
3427 3609 3716 3676 cogitatio,

2141 3700 2547 3768 prosternebam
2582 3703 2840 3768 meipsam
2875 3702 2924 3754 in
2972 3710 3188 3767 terram,
3237 3715 3286 3755 et
3335 3702 3586 3772 lacryinis
3619 3715 3714 3755 ter-

2140 3803 2251 3841 ram
2276 3788 2578 3852 infundens,
2613 3790 2778 3856 ipsam
2812 3791 2939 3844 mihi
2978 3794 3238 3846 veraciter
3266 3802 3444 3846 astare
3473 3809 3714 3859 Sperans,

2140 3894 2258 3946 qua:
2289 3893 2374 3932 me
2403 3879 2735 3944 fidedixerat,
2767 3881 2986 3934 minanti
3018 3899 3100 3934 me
3130 3883 3543 3950 coinpeilatione
3565 3899 3719 3950 exag-

2141 3985 2329 4037 gcrare
2359 3968 2643 4034 furentem,
2677 3972 2828 4038 quasi
2858 3973 3253 4040 praevaricauti,
3285 3983 3339 4025 et
3371 3988 3552 4037 pugnas
3584 3987 3717 4040 pra:-

2140 4054 2481 4113 varicationis
2536 4059 2665 4114 mihi
2713 4062 3054 4118 imminentes
3104 4066 3180 4117 ira
3236 4067 3506 4118 mucronis
3535 4074 3718 4119 contra

2141 4165 2225 4204 me
2253 4161 2519 4218 agentem.
2547 4151 2661 4205 Non
2687 4154 2830 4207 enim
2861 4165 2984 4208 ante
3023 4157 3305 4224 surgebam
3333 4158 3399 4209 de
3427 4166 3587 4221 terra,
3615 4158 3719 4210 nisi

2143 4242 2285 4309 prius
2325 4242 2411 4295 illa
2455 4242 2762 4296 dulcissima
2818 4244 2908 4296 lux
2957 4245 3284 4298 illutninaret
3329 4261 3412 4298 me
3459 4247 3639 4310 Solito,
3670 4257 3722 4300 et

2141 4332 2486 4399 cogitationes
2510 4346 2592 4384 me
2612 4333 2983 4398 perturbantes
3000 4334 3280 4401 effugaret.
3305 4336 3524 4403 Semper
3539 4337 3717 4403 itaque

2143 4423 2319 4476 cordis
2349 4423 2451 4476 mei
2482 4423 2666 4476 oculos
2693 4424 2756 4476 ad
2804 4424 2946 4476 illam
2979 4425 3340 4492 fidejussoreut
3385 4441 3550 4476 uncam
3595 4426 3714 4479 sine

459 4503 574 4581 mas
603 4526 734 4579 dixit
761 4525 823 4577 ad
846 4537 962 4577 eam
995 4539 1007 4574 :
1037 4520 1177 4585 Quot
1199 4518 1323 4572 anni
1351 4525 1493 4582 sunt,
1520 4531 1559 4570 ο
1584 4515 1818 4578 domina,
1845 4531 1908 4569 ex
1930 4533 2034 4584 quo
2069 4503 2108 4557 ί)
2139 4515 2440 4570 cessatione
2493 4515 2784 4584 erigebam,
2838 4516 3135 4584 deprecans
3169 4532 3281 4569 eam
3310 4517 3548 4569 auxiliari
3581 4519 3719 4571 mihi

461 4619 594 4671 hanc
622 4616 884 4669 inhabitas
907 4609 1283 4666 solitudinem?
1311 4605 1602 4675 Respondit
1639 4605 1828 4658 mulier
1855 4624 1866 4656 :
1893 4607 2036 4672 Qua-

459 4709 699 4777 draginta
740 4715 940 4774 septem
972 4701 1095 4754 anni
1121 4709 1264 4762 sunt,
1297 4709 1355 4753 ut
1383 4697 1681 4761 considero,
1733 4713 1798 4751 ex
1838 4712 1942 4765 quo
1970 4697 2038 4752 de

457 4805 640 4851 sancta
671 4795 884 4849 civitate
912 4805 1124 4862 egressa
1178 4805 1317 4844 sum.
1368 4788 1509 4842 Dixit
1538 4795 1717 4840 autem
1749 4786 1991 4841 Zosimas
2021 4806 2034 4842 :

459 4891 528 4944 Et
556 4889 681 4958 quid
713 4884 956 4940 invenire
985 4882 1051 4936 ad
1077 4897 1224 4936 esum
1247 4879 1486 4949 potuisti,
1515 4892 1548 4930 o
1575 4879 1666 4939 mi,
1686 4886 1778 4930 aut
1803 4877 2031 4943 iuvenis,

461 4980 703 5033 Domina.
746 4975 1040 5046 Respondit
1068 4973 1261 5028 mulier
1295 4988 1308 5024 :
1343 4969 1482 5024 Duos
1499 4970 1664 5025 semis
1693 4970 1907 5038 quidem
1942 4985 2036 5036 pa-

461 5083 556 5122 nes
599 5067 884 5122 Jordanem
928 5062 1251 5118 transmeavi
1303 5061 1626 5129 deportatis;
1675 5069 1732 5114 et
1772 5061 1859 5128 qui
1917 5067 2038 5127 post

462 5157 728 5211 modicum
758 5155 975 5208 arefacti
1005 5152 1154 5222 quasi
1184 5151 1385 5219 lapides
1415 5150 1804 5213 obduruerunt,
1845 5159 1898 5204 et
1923 5163 2038 5203 mo-

460 5247 634 5301 dicum
675 5246 798 5316 quid
827 5261 992 5314 usque
1023 5246 1087 5298 ad
1111 5244 1320 5311 aliquos
1351 5257 1519 5296 annos
1555 5242 1845 5296 comedens
1876 5249 2038 5294 tran-

460 5337 594 5404 segi.
638 5335 779 5388 Dixit
821 5344 995 5387 autem
1044 5333 1328 5386 Zusimas:
1381 5333 1448 5384 Et
1475 5331 1557 5384 sic
1605 5331 1806 5398 absque
1851 5331 2039 5383 dolare

458 5425 697 5477 transisti
731 5424 860 5476 tanti
892 5424 1146 5491 temporis
1194 5422 1615 5490 longitudinem?
1667 5421 1796 5474 nihil
1848 5435 2038 5490 repen-

459 5514 586 5570 tina:
609 5514 992 5569 immolationis
1012 5525 1059 5567 et
1085 5513 1508 5567 conturbationis
1529 5514 1743 5568 sensisti
1770 5515 2039 5567 calorem?

459 5605 549 5658 Illa
589 5605 722 5659 dixit
755 5621 768 5656 :
797 5602 928 5658 Rem
961 5617 1100 5657 nunc
1151 5617 1235 5655 me
1283 5603 1599 5671 interrogas,
1650 5617 1807 5672 quam
1853 5603 2038 5658 dicens

457 5697 610 5752 valde
636 5696 1013 5760 contremisco,
1067 5697 1111 5746 si
1145 5695 1209 5746 ad
1241 5694 1803 5750 commenwrationem
1841 5710 2036 5752 venero

2142 4607 2193 4659 in
2239 4605 2339 4660 hac
2365 4607 2652 4660 solitudine
2697 4619 2750 4659 et
2782 4608 3116 4673 pmuitentia.
3149 4607 3309 4660 llabui
3338 4623 3466 4676 ergo
3498 4608 3722 4675 adjutrio

2139 4711 2252 4751 cem
2277 4707 2331 4751 et
2353 4697 2733 4765 coadjutricem
2760 4699 2946 4767 ipsam,
2980 4714 3099 4767 quae
3130 4700 3307 4767 genuit
3331 4703 3515 4752 castLt-
3548 4699 3596 4751 is
3629 4716 3724 4752 au-

2143 4796 2365 4853 ctorem,
2394 4797 2447 4840 et
2489 4788 2565 4840 sic
2595 4787 2779 4840 decem
2807 4798 2860 4841 et
2889 4797 3093 4857 septem
3137 4804 3395 4842 annorum
3439 4791 3723 4844 curriculis

2140 4890 2260 4931 cum
2293 4877 2490 4944 multis,
2525 4887 2582 4931 ut
2624 4878 2752 4941 dixi,
2785 4893 2951 4948 usque
3001 4880 3158 4934 hodie
3204 4881 3448 4949 periculis
3497 4883 3724 4935 eluctata

2142 4981 2281 5020 aunt.
2312 4969 2355 5020 A
2374 4977 2495 5021 tunc
2521 4983 2646 5037 ergo
2669 4969 2988 5037 adjutorium
3022 4987 3195 5024 meum
3228 4972 3315 5025 Dei
3342 4974 3568 5043 genitrix
3597 4975 3726 5027 asti-

2146 5063 2206 5114 tit
2231 5064 2382 5122 mihi,
2413 5078 2511 5132 per
2531 5064 2708 5116 omnia
2767 5065 2817 5114 iu
2850 5064 3094 5117 omnibus
3147 5080 3231 5119 me
3262 5067 3514 5133 dirigens.
3579 5067 3723 5119 Dixit

2142 5162 2318 5204 autem
2359 5151 2596 5204 Zosimas
2626 5170 2636 5203 :
2671 5151 2783 5204 Non
2833 5153 3060 5207 habuisti
3107 5155 3282 5208 cibum
3313 5168 3403 5209 aut
3434 5160 3720 5210 vestimen-

2145 5245 2289 5296 tum?
2323 5243 2386 5295 Et
2415 5241 2502 5294 illa
2532 5243 2714 5296 dixit:
2763 5244 2932 5299 Panes
2978 5246 3191 5312 quidem
3243 5247 3388 5311 illos,
3435 5247 3572 5300 sicut
3611 5249 3721 5315 jam

2145 5335 2274 5395 diti,
2310 5332 2494 5386 decem
2526 5343 2576 5386 et
2609 5342 2813 5401 septem
2854 5337 3162 5403 expendens
3189 5337 3363 5400 annis,
3391 5337 3585 5390 deinde
3625 5355 3725 5391 nu-

2145 5425 2341 5478 triebar
2364 5424 2543 5480 herbis
2573 5441 2690 5494 qua:
2739 5426 3149 5482 inveniebantur
3199 5444 3295 5498 per
3352 5431 3720 5485 solitudinem.

2143 5519 2508 5571 lutlumentum
2540 5529 2716 5572 autent
2755 5520 2895 5588 quod
2921 5521 3103 5584 habui,
3133 5531 3461 5577 transmeato
3489 5525 3726 5579 Jordane

2145 5609 2300 5661 nimia
2332 5619 2592 5664 vetustate
2619 5612 2840 5664 scissura
2872 5619 2926 5664 et
2952 5623 3325 5680 consumptum
3367 5625 3470 5667 est.
3503 5616 3720 5668 Multam

2141 5700 2271 5770 ergo
2298 5701 2501 5770 glaciali
2528 5701 2720 5770 frigore
2749 5713 2799 5758 et
2824 5714 2984 5758 aesms
3010 5704 3202 5759 ardore
3231 5707 3605 5760 necessitatem
3636 5721 3718 5758 su-
