4020 6218
336 351 436 406 (392’)

1105 353 1264 408 VITA
1303 349 1600 406 SANC'HE
1645 347 1891 406 MARIA‘I
1930 345 2392 409 .‘EGYPTIACIE,
2434 346 2872 404 MERETRICIS.

3494 349 3599 404 686

330 465 516 528 stinui,
539 470 874 517 concremata
907 471 1069 517 aestus
1116 461 1386 527 incendio,
1429 470 1481 514 et
1515 457 1684 511 nimio
1700 453 1911 525 frigoris
1940 461 1988 516 Α
2018 472 2174 526 quam
2208 474 2374 529 usque
2396 473 2537 514 nunc
2565 458 3000 514 sanetifieationis
3025 458 3179 528 hujus
3209 475 3301 515 usa
3331 475 3449 516 sum
3473 475 3602 528 por-

330 571 570 628 tetnpore
598 559 717 626 gelu
745 559 1011 626 rigescens
1041 564 1093 608 et
1124 564 1379 619 tremens,
1414 553 1686 606 multoties
1715 553 1769 606 in
1802 562 1913 606 ter-

333 667 444 704 rant
479 650 677 704 cadens
708 650 908 714 absque
938 648 1127 714 spiritu
1154 646 1394 714 ja'cebam
1435 644 1744 708 immobilis,
1779 644 1916 697 mul-

335 743 402 795 tis
428 751 483 795 et
507 741 733 796 diversis
761 739 1162 793 necessitatibus
1186 747 1240 790 et
1275 737 1656 790 tentationibus
1688 737 1916 790 immen-

330 833 404 884 sis
432 833 694 894 eluctans,
727 845 819 897 per
857 828 1034 881 omnia
1086 843 1253 896 usque
1296 827 1348 880 in
1399 827 1534 879 hanc
1561 826 1702 880 diem
1748 826 1917 877 virtus

333 922 425 975 Dei
461 921 640 974 multis
671 919 840 973 modis
883 919 1132 971 miseram
1175 917 1404 971 animam
1434 932 1605 970 meam
1640 925 1695 970 et
1723 929 1916 982 Corpus

331 1027 507 1065 meum
534 1010 837 1064 custodivit.
872 1008 1180 1063 Recordans
1208 1010 1350 1062 enim
1385 1008 1451 1062 de
1480 1008 1728 1078 qualibus
1755 1007 1912 1060 malis

334 1106 579 1162 liberavit
617 1120 702 1159 me
732 1105 1010 1170 Dominus,
1043 1120 1162 1159 esca
1191 1104 1399 1158 nutrior
1424 1101 1914 1168 inconsunuuabili,

331 1206 389 1253 et
410 1197 668 1251 satietatis
695 1194 942 1263 possideo
991 1194 1174 1264 epulas
1203 1208 1350 1264 spem
1396 1193 1585 1247 salutis
1613 1207 1768 1246 mete.
1803 1189 1915 1246 Nu-

332 1291 465 1344 trior
492 1299 668 1342 autem
699 1299 751 1342 et
781 1286 1061 1352 cooperior
1089 1287 1320 1354 tegmine
1348 1284 1496 1339 verbi
1521 1285 1638 1347 Dei,
1670 1283 1762 1352 qui
1789 1297 1920 1337 con-

331 1377 460 1430 tinet
484 1377 662 1430 omnia
694 1376 872 1444 (Deut.
901 1376 1038 1444 vut).
1071 1373 1183 1428 Non
1213 1377 1356 1428 enim
1386 1372 1439 1427 in
1469 1376 1586 1428 solo
1615 1387 1752 1442 pane
1781 1372 1914 1426 vivit

335 1470 492 1521 homo
520 1467 738 1536 (Matth.
762 1470 869 1533 ιιι),
913 1475 1095 1519 etnon
1127 1465 1380 1519 habentes
1411 1464 1799 1534 operimentum
1821 1478 1918 1532 pe-

332 1570 427 1614 trae
465 1558 776 1612 circumdati
809 1566 932 1612 sunt
961 1557 1195 1624 tegmine
1225 1555 1278 1608 hi
1331 1557 1423 1625 qui
1480 1570 1538 1610 se
1582 1555 1782 1624 peccati
1824 1569 1919 1609 ex-

331 1650 695 1719 spoliaverunt
726 1648 900 1702 tunica
935 1645 1055 1716 (Job
1079 1661 1219 1709 xxw,
1245 1647 1400 1714 juxta
1431 1646 1573 1715 Lxx).

401 1743 527 1798 CAP.
588 1740 705 1796 XX.
751 1771 820 1783 -—-
864 1741 1096 1796 Audiens
1148 1750 1325 1794 autem
1373 1739 1615 1794 Zosimas
1661 1739 1913 1808 quoniam

2022 551 2193 616 tione;
2236 559 2291 606 et
2332 552 2470 616 ideo,
2503 551 2794 621 deprecor,
2827 566 3000 606 meam
3031 568 3100 607 ne
3129 568 3352 621 spernas
3382 557 3595 623 petitio-

2020 657 2162 712 nem,
2195 645 2357 714 390
2383 645 2480 699 sed
2509 660 2603 713 per
2632 645 2812 699 omnia
2853 645 2964 714 ipsa
2994 644 3198 700 vivifica
3229 655 3387 713 atque
3416 647 3598 700 divina

2019 737 2269 807 mysteria
2293 733 2424 790 alter
2451 737 2502 790 in
2520 750 2580 791 ea
2610 741 2761 800 hora,
2793 752 2896 806 qua
2927 737 3180 790 Dominus
3202 735 3492 804 discipulos
3521 738 3602 790 di-

2020 826 2156 878 vina":
2180 839 2349 882 caute
2377 826 2660 895 participes
2685 826 2828 881 fecit.
2860 827 3053 881 Joanni
3082 837 3258 881 autem
3289 826 3470 879 abbati
3495 842 3607 879 uto-

2021 913 2261 980 nasterii,
2291 915 2344 968 in
2377 930 2484 984 quo
2512 915 2741 983 habitas,
2769 915 2966 972 edicito
2989 933 3004 972 :
3030 916 3259 972 Attende
3291 915 3384 970 tibi
3416 914 3517 985 ipsi
3547 925 3602 970 et

2017 1007 2166 1076 gregi
2194 1015 2313 1073 tuo;
2344 1007 2522 1077 aliqua
2574 1009 2716 1063 enim
2771 1010 2902 1064 fiunt
2947 1010 3016 1065 ibi
3065 1009 3437 1065 emendatione
3464 1008 3602 1064 iudi-

2019 1099 2218 1168 gentia.
2251 1100 2358 1155 Sed
2397 1102 2521 1156 nolo
2551 1110 2602 1156 te
2633 1101 2748 1156 lucc
2779 1116 2921 1156 nunc
2947 1102 2997 1156 ei
3028 1102 3229 1169 dicere,
3268 1099 3361 1155 sed
3388 1097 3604 1171 quando

2022 1194 2116 1247 tibi
2149 1195 2460 1264 praeceperit
2488 1193 2646 1248 Deus.
2682 1193 2807 1249 Haec
2833 1194 3040 1260 dicens,
3067 1194 3367 1248 orationem
3413 1207 3444 1246 a
3473 1206 3603 1246 sene

2021 1283 2363 1349 postulando,
2397 1283 2449 1338 in
2483 1283 2793 1340 interiorem
2821 1284 3162 1340 solitudinem
3191 1284 3429 1339 velocius
3457 1282 3605 1336 festi-

2021 1373 2186 1427 navit.

2089 1462 2222 1518 CAP.
2284 1464 2520 1518 XXI.—
2559 1466 2802 1521 Zosimas
2870 1474 3048 1522 autem
3114 1474 3458 1536 prosternens
3507 1479 3603 1530 se,

2020 1552 2362 1608 osculabatur
2393 1560 2550 1607 terra:
2596 1553 2792 1620 locum,
2831 1552 2884 1608 in
2911 1570 3017 1622 quo
3043 1554 3160 1624 ejus
3190 1555 3410 1622 vestigia
3439 1562 3604 1608 stete-

2020 1652 2160 1708 rant,
2187 1643 2320 1698 dans
2349 1645 2571 1714 gloriam
2599 1644 2746 1699 Deo:
2779 1645 3173 1713 immensasque
3194 1644 3395 1714 gratias
3418 1659 3602 1713 agens,

2019 1750 2266 1791 reversus
2297 1746 2397 1801 est,
2434 1737 2653 1791 laudans
2682 1745 2737 1792 et
2764 1736 3087 1791 benedicens
3118 1735 3398 1790 Dominum
3433 1734 3599 1789 Deum

329 1831 726 1902 Scripturarum
777 1832 1083 1885 testimonia
1135 1829 1440 1899 proferebat
1473 1843 1537 1884 ex
1573 1829 1722 1884 libris
1749 1829 1915 1899 Moysi
1947 1831 1996 1891 Β
2024 1836 2264 1881 nostrum
2307 1826 2487 1882 Jesum
2531 1827 2825 1882 Christum.
2871 1827 3067 1882 lterum
3122 1837 3302 1883 autem
3355 1841 3604 1882 remeans

330 1924 581 1979 videlicet
610 1933 665 1980 et
695 1924 831 1978 beati
855 1922 957 1977 Job
986 1923 1098 1976 sive
1129 1921 1479 1984 Psalmorum,
1510 1920 1639 1974 dixit
1671 1921 1737 1975 ad
1767 1935 1916 1975 eam:

332 2016 604 2081 l’salmos,
647 2033 679 2070 o
721 2009 909 2080 mafer,
957 2015 1210 2080 didicisti,
1245 2016 1327 2069 vel
1357 2016 1490 2069 alios
1536 2015 1702 2069 libros
1751 2029 1922 2068 sacras

335 2108 623 2175 Scriptura:
653 2108 864 2175 legisti?
893 2107 983 2162 illa
1012 2115 1188 2161 autem
1221 2107 1324 2161 hoc
1353 2107 1604 2172 audiens,
1641 2107 1922 2162 subridens

334 2198 472 2252 dixit
500 2200 564 2253 ad
591 2215 710 2253 eum
739 2216 752 2252 :
777 2198 946 2253 Crede
975 2199 1126 2265 mihi,
1155 2214 1259 2252 non
1289 2197 1398 2252 vidi
1425 2198 1692 2254 hominem
1725 2214 1786 2253 ex
1813 2213 1922 2268 quo

333 2287 623 2344 Jordanem
666 2290 914 2355 transivi,
959 2291 1060 2344 nisi
1094 2301 1144 2345 te
1177 2290 1332 2345 hodie
1366 2303 1382 2342 :
1412 2290 1504 2345 sed
1538 2305 1709 2360 neque
1752 2291 1920 2346 feram

333 2387 424 2431 aut
448 2380 588 2432 aliud
619 2380 812 2433 animal
845 2381 1234 2450 qualecunque,
1264 2397 1328 2436 ex
1355 2396 1460 2450 quo
1489 2383 1542 2436 in
1570 2381 1708 2437 hanc
1731 2383 1921 2438 deveni

333 2470 698 2524 solitudinem.
746 2471 974 2524 Litteras
1006 2481 1178 2525 autem
1212 2486 1483 2539 nunquam
1514 2471 1708 2526 alicubi
1735 2472 1918 2538 didici,

335 2561 428 2616 sed
460 2577 631 2630 neque
663 2563 974 2629 psallentem
1017 2571 1107 2614 aut
1139 2561 1401 2629 legentem
1433 2561 1662 2627 aliquem
1708 2561 1922 2614 auscul-

335 2655 462 2708 tavi.
497 2655 684 2711 Sermo
728 2663 904 2709 autem
939 2653 1030 2708 Dei
1075 2653 1227 2707 vivus
1276 2661 1330 2708 et
1371 2653 1558 2708 efﬁcax
1594 2655 1917 2709 intellectum

337 2747 655 2801 intrinscctts
696 2749 852 2801 docet
895 2745 1184 2799 humanum
1257 2745 1416 2813 (Ileb.
1447 2746 1542 2813 tv).
1595 2746 1708 2800 Huc
1754 2762 1920 2816 ttSque

336 2840 458 2896 ﬁnis
489 2856 673 2895 eorum
720 2855 838 2909 qua:
889 2855 1003 2893 mea
1050 2848 1192 2894 sunt.
1227 2839 1377 2893 Nunc
1404 2850 1580 2894 autem
1631 2839 1920 2894 obsecrans

337 2953 520 3007 quaeso
568 2947 619 2992 te
663 2952 756 3006 per
802 2935 1222 2990 incarnationem
1252 2935 1415 2989 Verbi
1448 2935 1540 2988 Dei
1575 2943 1628 2988 ut
1675 2949 1796 2989 ores
1825 2950 1922 3004 pro

340 3045 429 3084 me
469 3029 763 3083 luxuriosa.
814 3028 880 3081 Et
911 3041 1027 3081 cum
1059 3025 1172 3080 inec
1198 3026 1450 3090 dixisset,
1481 3026 1714 3080 cucurrit
1754 3042 1921 3081 senex

337 3129 396 3176 et
427 3135 561 3188 genu
619 3119 759 3174 ﬂexo
799 3134 856 3174 se
895 3119 948 3172 in
998 3127 1188 3172 terram
1236 3126 1594 3185 prosternere,
1625 3117 1922 3172 vociferans

2023 1916 2269 1985 ejusdem
2319 1917 2620 1972 solitudinis
2663 1919 2786 1986 iter,
2818 1934 2924 1988 quo
2969 1928 3208 1986 venerat,
3242 1918 3517 1988 conjunxit
3548 1919 3599 1972 in

2025 2009 2350 2063 monasterio
2380 2023 2445 2063 eo
2478 2018 2738 2078 tempore,
2771 2024 2878 2079 quo
2915 2017 3306 2064 consueverant
3351 2011 3384 2064 ii
3428 2010 3515 2079 qui
3547 2010 3600 2064 in

2024 2097 2214 2153 eodem
2243 2099 2609 2154 morabantur.
2657 2101 2722 2153 Et
2763 2109 2927 2154 totum
2958 2101 3174 2171 quidem
3221 2116 3418 2155 annum
3453 2101 3600 2154 illum

2027 2189 2224 2252 tacuit,
2269 2189 2486 2243 minime
2531 2189 2736 2244 audens
2771 2190 3039 2258 quidpiam
3071 2191 3252 2246 dicere
3286 2207 3351 2245 ex
3381 2191 3464 2245 his
3485 2207 3604 2260 qua:

2024 2277 2264 2344 viderat;
2293 2281 2345 2332 in
2375 2279 2556 2348 scipso
2581 2292 2758 2334 autem
2787 2280 3172 2348 deprecabatur
3199 2283 3386 2346 Deum,
3416 2290 3476 2335 ut
3507 2283 3602 2336 ite-

2024 2387 2142 2425 rum
2183 2371 2232 2427 ei
2262 2372 2567 2427 ostenderet
2594 2371 3004 2427 desiderabilem
3036 2373 3258 2426 vultum.
3288 2373 3602 2441 Suspirabat

2023 2471 2226 2528 autem,
2253 2462 2414 2516 annui
2439 2477 2628 2517 ctnsus
2653 2463 3004 2519 considerans
3029 2465 3353 2520 tarditatem.
3378 2466 3607 2533 Quando

2023 2562 2201 2607 autem
2232 2553 2448 2606 advenit
2486 2568 2636 2608 sacra
2674 2554 2999 2622 jejuniorum
3048 2557 3248 2612 initiata
3293 2559 3460 2626 prima
3501 2559 3604 2612 Do-

2023 2643 2241 2710 minica,
2293 2659 2418 2698 mox
2469 2654 2591 2714 post
2634 2646 2844 2700 solitam
2903 2648 3196 2702 orationem
3252 2649 3339 2702 alii
3385 2650 3598 2720 quidem

2024 2736 2315 2804 psallentes
2344 2737 2593 2792 exierunt
2627 2755 2639 2790 :
2673 2739 2787 2806 ipse
2817 2750 2994 2796 autem
3025 2742 3231 2796 modica
3261 2742 3423 2798 febris
3453 2743 3601 2797 infir-

2025 2827 2208 2883 mitate
2237 2829 2505 2892 detentus,
2539 2832 2732 2884 mansit
2761 2831 2903 2886 intus
2940 2831 2991 2885 in
3025 2835 3368 2888 monasterio.
3403 2834 3602 2890 Recor-

2026 2920 2182 2973 datus
2212 2928 2295 2974 est
2319 2928 2496 2974 autem
2541 2921 2779 2975 Zosimas
2820 2923 2919 2976 sibi
2952 2923 3260 2991 praedictum
3301 2936 3502 2980 sanctae
3543 2926 3605 2980 it-

2027 3011 2149 3077 lius,
2182 3012 2306 3081 quia
2335 3028 2508 3082 neque
2544 3014 2725 3067 volens
2754 3013 2899 3068 exire
2930 3014 3152 3081 valebis.
3187 3017 3482 3086 Aliquantis
3508 3033 3601 3072 au-

2028 3113 2134 3158 tem
2183 3104 2378 3172 elapsis
2423 3104 2642 3169 diebus,
2689 3105 2757 3159 ab
2807 3106 3114 3161 inﬁrmitate
3162 3107 3502 3178 sublevatus,
3551 3111 3602 3164 in

338 3221 393 3267 ει
422 3185 605 3266 δίρεηε
637 3229 649 3263 ε
693 3211 1008 3264 Benedictus
1037 3210 1291 3264 Dominus
1321 3209 1458 3263 Deus
1488 3210 1577 3278 qui
1607 3209 1729 3264 (πίε
1759 3211 1919 3265 mira-
1949 3185 1995 3249 C
2030 3196 2356 3250 monasterio
2381 3198 2816 3251 conversabatur.
2851 3198 3074 3264 Quando
3104 3203 3302 3255 reversi
3333 3212 3456 3257 sunt
3486 3219 3602 3257 mc-

339 3304 464 3358 bilia
508 3319 696 3372 magna
737 3303 903 3368 solus,
936 3301 1164 3372 gloriosa
1208 3311 1260 3354 et
1287 3304 1630 3356 vehementer
1659 3303 1920 3370 stupenda

339 3394 531 3462 quibus
579 3409 681 3446 non
731 3403 812 3447 est
855 3406 1107 3445 numerus
1155 3391 1277 3460 (Job
1330 3393 1423 3460 tx).
1478 3394 1796 3446 Benedictus
1839 3408 1918 3458 es,

343 3482 568 3537 Domine
588 3483 751 3548 Deus,
780 3483 869 3551 qui
905 3482 1186 3536 ostendisti
1231 3482 1357 3534 mihi
1385 3491 1579 3550 quanta
1612 3484 1819 3552 largiris
1851 3484 1918 3537 ti-

349 3576 618 3628 mentibus
656 3583 727 3628 te.
765 3574 901 3628 Vere
949 3574 1092 3627 enim
1131 3589 1234 3626 non
1267 3573 1593 3643 derclinquis
1622 3585 1922 3643 quaerentes

345 3675 418 3728 te,
452 3665 670 3718 Domine
699 3663 864 3732 (Paul.
898 3663 1002 3731 lx).
1052 3664 1144 3718 llla
1173 3674 1350 3718 autem
1383 3665 1791 3733 apprehendens
1839 3683 1924 3722 se-

344 3771 489 3819 nem,
519 3771 624 3809 non
656 3756 896 3823 permisit
934 3756 986 3809 in
1018 3766 1212 3821 terram
1257 3756 1488 3825 perfecte
1513 3759 1795 3824 prosterni,
1831 3761 1924 3814 sed

342 3847 479 3901 dixit
509 3849 556 3901 ei
599 3866 610 3899 :
659 3848 780 3902 llaec
809 3863 925 3917 qua:
973 3847 1189 3914 audisti,
1220 3849 1398 3914 homo,
1448 3849 1684 3903 obtestor
1735 3860 1784 3905 te
1833 3867 1925 3919 per

348 3940 631 3993 Dominum
659 3939 989 3995 Salvatorem
1031 3949 1267 3994 nostrum
1299 3939 1479 3994 Jesum
1509 3941 1798 4006 Christum,
1832 3958 1925 3997 ne-

347 4032 474 4084 mini
501 4032 722 4096 dixeris,
756 4032 1100 4101 quoadusque
1132 4033 1272 4088 Deus
1299 4034 1364 4090 de
1393 4035 1607 4089 vinculo
1633 4036 1810 4087 carnis
1831 4035 1924 4089 ab-

349 4125 515 4177 solvat
543 4138 648 4177 me.
693 4123 785 4177 llis
815 4124 1059 4177 omnibus
1100 4126 1331 4193 acceptis
1375 4127 1428 4180 in
1469 4141 1615 4194 pace,
1648 4134 1702 4179 et
1732 4128 1923 4180 iterum

349 4216 448 4271 hoc
476 4217 659 4270 eodem
694 4225 935 4284 tempore
965 4217 1279 4272 adveniente
1305 4233 1447 4271 anno
1486 4219 1753 4286 apparebo
1805 4219 1918 4281 tibi,

348 4314 401 4359 et
427 4307 623 4361 videbis
655 4322 761 4372 me,
789 4307 881 4360 Dei
913 4322 1010 4359 nos
1038 4307 1367 4375 gubernante
1396 4310 1584 4377 gratia.
1622 4308 1725 4362 Fac
1748 4320 1922 4364 autem

348 4409 561 4466 propter
591 4397 892 4461 Dominum,
931 4398 1069 4465 quod
1102 4413 1243 4451 nunc
1277 4398 1368 4452 tibi
1401 4398 1641 4468 injungo,
1675 4408 1733 4452 ut
1757 4399 1926 4454 sacris

341 4486 561 4558 jejuniis
585 4487 982 4541 recurrentibus
1005 4489 1126 4541 anni
1160 4489 1365 4541 venturi
1397 4503 1500 4542 non
1535 4498 1775 4542 transeas
1799 4489 1924 4543 Jor-

2027 3286 2182 3340 nachi
2229 3296 2453 3340 sacratae
2501 3301 2669 3342 cmna:
2711 3302 2956 3356 vespere,
2989 3289 3111 3344 fecit
3138 3292 3277 3360 quod
3309 3293 3355 3347 ei
3397 3294 3603 3361 jussnm

2025 3387 2102 3432 est
2136 3393 2150 3429 :
2180 3387 2234 3432 et
2264 3378 2478 3432 mittens
2509 3379 2560 3431 in
2590 3378 2801 3432 modico
2829 3381 2998 3435 calice
3030 3382 3331 3437 iutemerati
3363 3387 3605 3454 corporis

2030 3469 2329 3536 portionem
2378 3478 2432 3524 et
2461 3469 2684 3539 pretiosi
2733 3471 3005 3541 sanguinis
3041 3473 3253 3528 Domini
3284 3476 3453 3530 nostri
3477 3476 3603 3531 Jesu

2027 3560 2245 3627 Christi,
2279 3562 2458 3630 posuit
2504 3559 2555 3614 in
2594 3563 2828 3618 canistro
2856 3578 3076 3635 carycas
3108 3581 3300 3635 paucas
3329 3578 3382 3623 et
3408 3571 3606 3638 palma—

2027 3668 2147 3707 rum
2188 3653 2408 3717 fructus,
2455 3652 2503 3706 id
2533 3662 2616 3706 est
2645 3654 2905 3724 dactylos,
2937 3666 2990 3710 et
3023 3672 3206 3726 parum
3234 3659 3497 3715 lenticula:
3523 3662 3602 3716 itt-

2029 3742 2161 3796 fusm
2201 3743 2251 3794 in
2303 3741 2489 3809 aquis;
2531 3750 2584 3795 et
2631 3744 2774 3797 venit
2820 3743 2988 3809 tarde,
3037 3756 3090 3799 et
3120 3749 3184 3800 ad
3217 3748 3384 3817 ripam
3413 3749 3603 3805 Jorda-

2027 3834 2111 3889 nis
2140 3833 2380 3898 sedebat,
2404 3833 2690 3887 adventum
2719 3844 2916 3889 sanctae
2941 3837 3271 3903 praestolans.
3295 3839 3604 3895 Beatissima

2028 3939 2206 3982 autem
2247 3927 2339 3981 illa
2386 3928 2631 3982 tardante
2661 3929 2910 3994 muliere,
2943 3929 3186 3986 Zosimas
3217 3947 3320 3987 non
3350 3934 3606 3988 dormita-

2029 4033 2122 4084 vn,
2163 4021 2258 4075 sed
2304 4019 2532 4075 sollicite
2573 4021 2879 4076 attendebat
2923 4023 3300 4092 solitudinem,
3334 4029 3607 4082 sustinens

2027 4116 2166 4184 quod
2215 4115 2396 4169 videre
2426 4114 2787 4169 desiderabat.
2833 4115 3052 4170 Dicebat
3095 4127 3270 4171 autem
3316 4117 3369 4172 in
3409 4131 3607 4174 semet-

2029 4207 2145 4274 ipso
2172 4223 2182 4258 :
2209 4206 2452 4276 Nunquid
2480 4209 2717 4272 veniens,
2744 4208 2867 4261 dum
2896 4224 2980 4263 me
3010 4226 3111 4264 non
3142 4213 3360 4278 invenit,
3389 4227 3603 4268 reversa

2028 4299 2150 4352 est?
2183 4298 2304 4352 Haec
2327 4299 2530 4362 dicens,
2557 4299 2743 4364 flebat;
2774 4308 2829 4354 et
2853 4301 3066 4354 elevans
3099 4301 3150 4355 in
3177 4305 3373 4359 cmlum
3401 4309 3605 4371 oculos,

2029 4391 2342 4458 suppliciter
2393 4391 2557 4444 Deum
2607 4391 3016 4459 deprecabatur,
3067 4392 3252 4448 dicens
3297 4413 3309 4446 :
3356 4395 3472 4451 Non
3521 4415 3607 4452 me

2029 4480 2258 4548 alienes,
2292 4481 2556 4548 Domine,
2608 4481 2799 4535 iterum
2851 4483 3053 4547 videre,
3086 4500 3243 4552 quam
3293 4501 3380 4542 me
3425 4489 3608 4543 videre

343 4579 538 4629 danem
561 4616 578 4641 ,
628 4584 686 4629 υι
731 4578 1168 4631 consuetudinem
1215 4578 1424 4633 habetis
1471 4578 1524 4632 in
1577 4580 1922 4634 monasterio.
1952 4572 2006 4633 Ι)
2033 4572 2282 4626 tribuisti.
2309 4572 2422 4625 Non
2455 4573 2642 4626 vadatn
2671 4586 2884 4639 vacuus,
2912 4583 3127 4643 peccata
3159 4591 3276 4631 mea
3307 4587 3524 4647 portans
3553 4581 3605 4636 in

343 4663 606 4731 Stupebat
635 4676 808 4718 autem
845 4666 1105 4732 Zosimas,
1146 4667 1368 4722 audiens
1398 4669 1648 4738 quoniam
1679 4678 1734 4723 et
1759 4684 1923 4724 cano-

349 4771 475 4809 uem
504 4759 814 4810 monasterii
844 4759 1006 4812 inscia
1037 4761 1188 4827 quasi
1220 4775 1336 4829 quas
1364 4769 1546 4815 nosset
1571 4761 1812 4826 dicebat;
1845 4763 1922 4815 ni-

349 4845 538 4914 hilque
577 4845 718 4899 aliud
759 4848 1021 4901 clamabat
1053 4850 1151 4903 nisi
1193 4851 1412 4918 gloriam
1440 4852 1552 4916 Dei,
1587 4853 1676 4922 qui
1721 4855 1923 4922 majora

343 4950 506 5003 quam
543 4934 737 5002 petitur
765 4937 1108 5004 diligentibus
1136 4955 1194 4993 se
1225 4943 1461 5010 largitur.
1513 4942 1600 4995 llla
1635 4953 1815 4998 autem
1843 4943 1926 4997 di-

342 5026 420 5078 xit
448 5042 460 5076 :
486 5024 700 5080 Sustine
725 5037 779 5080 ut
800 5027 932 5088 dixi,
966 5027 1124 5092 abba,
1153 5029 1203 5082 in
1237 5032 1589 5096 monasterio;
1620 5047 1794 5102 neque
1821 5033 1922 5088 etsi

344 5120 498 5174 exire
526 5120 759 5174 volueris
786 5135 1075 5188 quoquam,
1105 5121 1322 5177 valebis.
1370 5123 1604 5191 Vespere
1633 5137 1807 5179 autem
1839 5143 1928 5180 sa-

343 5213 649 5264 cratissimo
673 5211 965 5265 Dominicae
1007 5228 1196 5278 casum,
1228 5213 1394 5270 divini
1437 5219 1678 5286 corporis
1713 5229 1767 5273 et
1795 5221 1921 5274 vivi-

347 5303 428 5354 fici
457 5302 735 5372 sanguinis
765 5303 1062 5370 portionem
1091 5302 1142 5355 in
1175 5319 1297 5356 vase
1321 5319 1475 5359 sacro
1497 5308 1766 5376 dignoque
1791 5311 1922 5364 tanti

350 5393 585 5460 mysterii
620 5393 769 5456 affer,
814 5401 869 5444 et
911 5391 1114 5446 sustine
1144 5408 1230 5448 me
1263 5396 1314 5447 in
1346 5407 1494 5462 parte
1514 5397 1762 5453 Iordanis
1803 5417 1922 5468 qua:

342 5482 681 5549 eonjungitur
726 5483 959 5548 sacculo,
1029 5494 1082 5536 et
1140 5485 1361 5539 veniens
1408 5485 1614 5540 vivifica
1661 5489 1919 5557 accipiam

343 5573 502 5624 dona.
539 5572 616 5623 Ex
651 5586 756 5640 quo
775 5571 917 5626 enim
958 5572 1009 5626 in
1038 5574 1264 5628 ecclesia
1300 5577 1584 5630 beatissimi
1617 5580 1922 5656 Praecurso-

345 5667 438 5723 ris,
471 5663 776 5732 priusquam
827 5666 1110 5718 transirem
1158 5666 1470 5730 Jordanem,
1505 5671 1915 5738 communicavi,

345 5755 595 5816 deinceps
628 5769 795 5822 usque
838 5769 976 5808 nunc
1009 5771 1274 5825 nunquam
1324 5760 1738 5828 communicavi,
1783 5778 1919 5817 nun-

2031 4661 2419 4729 increpatione.

2099 4752 2224 4806 CAP.
2271 4750 2670 4806 XXll.-—-Hrec
2707 4767 2867 4808 oratis
2909 4768 3029 4809 cum
3077 4754 3348 4828 lacrymis,
3399 4760 3502 4816 alia
3553 4761 3602 4814 in

2030 4855 2152 4895 eum
2183 4841 2433 4909 cogitatio
2463 4840 2666 4896 incidit.
2695 4843 2828 4909 Quid
2860 4845 3038 4913 itaque
3067 4846 3111 4899 si
3155 4849 3376 4913 venerit,
3414 4849 3608 4903 faciet?

2028 4929 2296 4999 quomodo
2326 4932 2546 4984 transiet
2573 4931 2880 4998 Jordauem,
2914 4934 3034 5002 quia
3076 4937 3314 4991 navicula
3348 4954 3453 4993 non
3485 4943 3609 4996 eSt?

2029 5021 2257 5088 qualiter
2293 5019 2358 5076 ad
2389 5036 2476 5076 me
2507 5022 2779 5092 indignum
2813 5024 3124 5092 perveniet?
3152 5025 3268 5080 Heu
3313 5044 3398 5083 me
3437 5031 3608 5086 infeli-

2030 5116 2185 5169 cem!
2226 5117 2327 5170 heu
2355 5117 2474 5182 quis
2505 5133 2590 5171 me
2620 5129 2725 5171 tam
2754 5119 2909 5187 justas
2936 5121 3136 5188 speciei
3167 5122 3454 5179 alienavit?
3485 5125 3609 5181 Haec

2028 5223 2160 5263 sene
2190 5211 2475 5279 cogitante,
2510 5226 2634 5266 ecce
2671 5222 2853 5267 sancta
2884 5214 2970 5269 illa
3011 5216 3253 5284 advenit,
3281 5228 3337 5274 et
3381 5223 3432 5274 in
3459 5235 3610 5292 partu

2029 5305 2128 5358 alia
2152 5304 2382 5358 fluminis
2404 5307 2571 5367 stetit,
2602 5306 2742 5360 unde
2776 5317 3014 5361 venerat.
3049 5308 3293 5365 Zosimas
3321 5325 3495 5368 autem
3526 5317 3604 5368 vi-

2028 5395 2162 5448 dens
2188 5409 2328 5458 eam,
2357 5395 2587 5448 surrexit
2613 5398 2873 5465 gaudens,
2903 5406 2957 5451 et
2995 5403 3266 5456 exsultans
3307 5407 3464 5459 nimis
3493 5415 3608 5474 glo~

2031 5488 2275 5543 rificabat
2306 5489 2493 5541 Deum.
2528 5489 2690 5541 Lucta
2732 5498 2907 5545 autem
2936 5494 3240 5550 certaminis
3271 5496 3322 5549 itt
3353 5497 3468 5566 ejus
3506 5499 3605 5551 flu-

2029 5580 2238 5634 etuabat
2269 5581 2605 5649 cogitationis
2648 5582 2970 5646 intentione,
3003 5587 3121 5653 quia
3156 5601 3259 5640 non
3292 5598 3462 5656 potest
3491 5590 3606 5642 Jor-

2027 5670 2180 5724 dauis
2211 5671 2435 5725 transire
2462 5671 2675 5726 fluenta.
2707 5673 2770 5726 Et
2800 5675 3087 5741 respici-ns
3117 5692 3300 5740 senex,
3332 5677 3462 5729 vidit
3486 5693 3603 5730 eam

2028 5762 2218 5816 vexillo
2289 5765 2461 5824 crucis
2513 5780 2676 5833 aquas
2735 5765 2978 5820 Jordauis
3037 5769 3353 5838 signantem.
3417 5772 3597 5824 'l‘otius
