4020 6228
423 338 523 392 (387

1452 333 1540 387 DE
1584 328 1757 385 V'lTlS
1797 326 2079 382 PATRUM
2108 326 2312 381 LIBER
2343 322 2616 380 PRIMUS.

3581 315 3686 370 68%

423 449 563 504 enim
585 455 710 504 tunc
736 448 909 503 noctis
934 448 1181 503 tenebras
1202 444 1452 516 Splendor
1472 442 1806 498 illuminabat
1829 441 1990 505 lunae,
2025 443 2070 499 Α
2101 438 2290 492 tuitum
2329 439 2609 493 oculorum
2638 433 2928 497 deducens,
2965 443 3019 489 et
3058 434 3288 487 lustrans
3322 432 3520 501 ub'que
3550 434 3691 487 sicut

423 542 548 610 quia
579 549 788 610 tempus
819 555 1070 596 recursus
1098 541 1236 594 illius
1257 548 1391 595 erat.
1420 537 1611 593 Statim
1641 546 1818 591 autem
1847 541 1906 586 ut
1931 532 2003 586 si-

423 646 585 698 gnum
614 631 790 687 crucis
819 631 1107 697 impressit,
1133 629 1372 685 ascendit
1396 641 1558 696 super
1581 640 1778 698 aquas;
1810 635 1864 680 et
1883 639 2001 679 am-

423 720 615 776 bulans
662 736 824 789 super
869 720 1129 788 liquidum
1176 718 1407 787 aequoris
1448 718 1699 781 ﬂuctum,
1753 715 2005 772 veniebat

421 810 573 879 quasi
611 825 708 879 per
748 811 976 865 solidum
1027 810 1148 864 iter.
1193 809 1433 862 Zosimas
1468 818 1646 863 autem
1686 816 1927 877 stupens,
1951 814 2004 859 et

424 915 595 967 genua
621 900 837 955 flectere
878 901 1074 965 nitens,
1108 900 1346 954 clamans
1371 899 1602 966 desuper
1626 913 1792 968 aquas
1823 899 2002 967 probi-

426 990 559 1055 buit,
585 991 803 1044 dicens:
832 989 970 1055 Quid
995 988 1145 1053 facis,
1182 988 1340 1054 abba,
1367 988 1488 1056 quia
1531 997 1586 1043 et
1623 986 1880 1042 sacerdos
1906 987 2003 1041 Dei

422 1097 501 1149 es,
543 1092 597 1136 et
634 1081 813 1137 divina
852 1091 1033 1150 portas
1073 1082 1368 1151 mysteria?
1401 1080 1499 1149 Qui
1546 1082 1726 1134 statim
1768 1080 2005 1136 obedivit

423 1176 640 1230 dicenti.
676 1175 768 1229 llla
802 1185 980 1230 autem
1003 1174 1333 1230 descendens
1372 1175 1438 1229 de
1464 1174 1637 1245 aquis,
1680 1174 1815 1230 dixit
1850 1176 2001 1229 seni:

425 1266 680 1331 Benedic,
707 1266 884 1331 Pater,
912 1266 1157 1321 benedic.
1202 1266 1296 1319 llle
1325 1275 1502 1320 autem
1532 1280 1653 1320 cum
1697 1280 1886 1336 magna
1928 1267 2004 1320 fe-

431 1355 717 1410 stinatione
758 1356 1035 1424 respondit
1075 1357 1284 1427 (Slupur
1333 1358 1472 1410 enim
1501 1354 1699 1410 nimius
1737 1356 2006 1410 invaserat

422 1465 545 1504 eum
595 1450 647 1503 in
689 1458 796 1503 tam
835 1449 1073 1519 glorioso
1113 1449 1417 1519 miraculo),
1442 1459 1497 1505 et
1536 1452 1670 1506 dixit
1694 1470 1705 1504 :
1732 1451 1869 1508 Vere
1898 1468 2001 1506 nou

421 1540 678 1596 mentitur
703 1542 863 1607 Deus,
887 1543 975 1611 qui
1012 1543 1275 1610 pollicitus
1304 1554 1386 1597 est
1413 1544 1511 1598 sibi
1534 1544 1736 1600 similes
1764 1559 1885 1600 esse
1910 1560 2004 1599 eos

420 1633 509 1701 qui
550 1635 865 1702 semetipsos
909 1633 1207 1702 purificant.
1250 1634 1431 1689 Gloria
1473 1635 1822 1701 tibi,Cltriste
1862 1637 2005 1691 Deus

423 1734 626 1786 uoster,
660 1726 748 1794 qui
776 1725 1055 1779 ostendisti
1087 1726 1215 1780 mihi
1243 1742 1333 1795 per
1375 1727 1621 1781 ancillam
1654 1737 1797 1782 tuam
1841 1727 1998 1790 banc,

2104 527 2395 583 citissimus
2434 536 2675 593 venator,
2702 526 2871 580 sicubi
2904 525 3277 581 suavissimam
3327 525 3689 589 comprehen-

2110 617 2261 673 deret
2289 616 2480 672 feram.
2509 617 2576 672 Ut
2596 626 2772 671 autem
2797 615 2930 670 nihil
2953 614 3063 669 ullo
3086 632 3116 668 u
3139 615 3245 668 odo
3266 614 3396 668 vidit
3420 629 3687 684 quoquam

2106 716 2438 770 moventem,
2466 707 2629 777 erepit
2649 707 2883 775 seipsum
2910 706 3096 775 lugens
3118 704 3396 759 infundere
3419 704 3687 774 lacrymis.

2105 797 2255 853 Tunc
2286 799 2504 851 elevans
2543 797 2747 864 oculos,
2779 797 2968 851 orabat
3016 796 3202 850 dicens
3228 812 3243 851 ε
3275 797 3533 860 Obsecro,
3558 796 3685 849 mihi

2105 891 2348 955 oeteude,
2380 890 2622 955 Domine,
2648 892 2699 943 in
2729 904 2953 956 corpore
2974 889 3218 959 angelum
3235 928 3251 953 ,
3276 890 3361 943 cui
3389 898 3531 944 totus
3550 904 3691 944 como

2108 981 2280 1051 [arari
2311 984 2362 1035 in
2386 981 2555 1052 lignus
2582 989 2663 1035 est
2692 983 2939 1035 mundus.

2175 1072 2307 1128 Car.
2340 1072 2508 1127 XXV.
2541 1102 2609 1111 --
2642 1072 2766 1126 ΙΙωο
2811 1071 3035 1133 orando,
3085 1072 3327 1140 pervenit
3369 1070 3433 1125 ad
3483 1070 3690 1139 locum,

2105 1167 2196 1235 qai
2226 1166 2278 1219 in
2309 1163 2657 1219 similLtudine
2690 1162 2861 1218 fuerat
2886 1161 3191 1232 designatus
3231 1162 3512 1226 torrentis,
3546 1168 3599 1214 ct
3631 1162 3682 1215 itt

2107 1266 2347 1311 extrema
2378 1254 2497 1325 ejus
2528 1264 2677 1323 parte
2716 1253 2992 1321 superiore
3032 1252 3163 1306 vidit
3199 1252 3567 1320 splendentem
3597 1267 3685 1304 so-

2112 1348 2248 1412 lem;
2280 1354 2335 1402 et
2362 1346 2650 1413 aspiciens,
2680 1344 2812 1398 vidit
2838 1354 3034 1398 sancta:
3061 1353 3325 1397 mortuqu
3355 1343 3536 1411 jacens
3565 1358 3683 1397 cor—

2108 1452 2227 1505 pus,
2268 1450 2323 1492 et
2368 1453 2577 1504 manus,
2620 1444 2678 1491 nt
2720 1444 2963 1504 oportet,
3011 1434 3089 1488 sic
3134 1436 3479 1503 compositas,
3524 1444 3577 1490 et
3619 1435 3684 1488 ad

2107 1529 2379 1583 Orientem
2421 1512 2608 1596 jacens
2647 1540 2840 1595 corpus
2869 1525 3150 1595 aspiciens.
3196 1526 3434 1580 Currens
3474 1537 3684 1590 autem,

2088 1619 2359 1691 lacrymis
2389 1620 2512 1673 lavit
2542 1619 2862 1674 beatissima:
2887 1617 3070 1685 pedes,
3098 1631 3202 1670 non
3228 1619 3367 1670 enim
3398 1616 3540 1670 aliud
3568 1630 3686 1670 cor-

2106 1712 2248 1776 poris
2280 1694 2576 1765 membrum
2605 1708 2834 1764 audebat
2861 1708 3187 1775 contingere.
3232 1707 3554 1778 Lacrymans
3580 1723 3682 1761 au-

421 1823 679 1884 quantum
719 1831 836 1869 mea
865 1816 1297 1872 consideratione
1338 1817 1556 1872 inferior
1593 1832 1711 1872 sum
1750 1834 1999 1873 mensura

2114 1810 2214 1856 lem
2254 1801 2594 1870 aliquandiu,
2634 1810 2689 1856 et
2727 1800 2962 1869 psalmos
3019 1800 3201 1854 dicens
3246 1800 3467 1869 tempori
3509 1812 3562 1855 et
3607 1799 3684 1855 rei

421 1921 563 1961 verae
589 1906 949 1975 perfectionis.
973 1905 1100 1960 Haec
1129 1922 1195 1961 eo
1225 1907 1457 1971 dicente,
1485 1908 1774 1975 Postulavit
1812 1910 2004 1963 mulier

422 2007 477 2051 nt
506 2005 747 2051 sanctum
777 1996 983 2050 diceret
1004 1996 1337 2067 Symbolum,
1375 2005 1430 2051 et
1460 1997 1537 2051 sic
1560 1995 1888 2053 Dominicam
1923 1997 2003 2051 in-

419 2088 644 2141 t-boaret
682 2088 998 2140 orationem.
1044 2086 1110 2140 Et
1144 2086 1356 2155 expleto
1381 2085 1539 2141 Pater
1567 2095 1770 2153 noster,
1796 2097 2000 2149 sancta,

421 2182 557 2234 sicut
588 2194 704 2233 mos
743 2187 853 2245 est,
881 2178 1023 2247 pacis
1052 2179 1292 2233 osculum
1324 2177 1516 2232 obtulit
1549 2180 1782 2245 seniori;
1824 2187 1880 2235 et
1927 2180 2003 2235 sic

421 2270 629 2325 vivilica
671 2272 1046 2340 mysteriorum
1089 2269 1383 2340 suscipiens
1404 2270 1565 2336 dona,
1596 2272 1650 2326 in
1688 2273 1883 2328 caelum
1908 2288 2000 2328 ex-

424 2362 589 2416 tensis
611 2362 853 2415 mauibus
894 2359 1246 2431 ingemiscens
1270 2376 1389 2415 cum
1410 2361 1679 2432 lacrymis,
1706 2363 1779 2417 ita
1802 2363 2001 2417 clama-

422 2453 727 2508 bat:Nunc
766 2453 1011 2521 dimittis,
1047 2454 1300 2519 Domine,
1342 2453 1588 2509 ancillam
1631 2463 1775 2509 tuam
1816 2468 2007 2510 secun-

424 2545 549 2599 dutu
574 2545 796 2600 verbum
826 2552 974 2599 tuum
1007 2545 1058 2597 in
1103 2539 1260 2612 pace;
1289 2544 1411 2612 quia
1436 2544 1683 2599 viderunt
1721 2543 1859 2599 oculi
1899 2548 2003 2600 mei

423 2636 658 2691 salutare
683 2647 826 2689 tuum
853 2636 1003 2705 (Luc.
1032 2633 1112 2703 ιι).
1140 2636 1203 2688 Ει
1230 2635 1345 2688 seni
1383 2634 1516 2689 dixit
1540 2651 1554 2688 :
1578 2635 1819 2705 Ignosce,
1843 2636 1999 2702 abba,

423 2736 478 2781 et
503 2726 645 2797 aliud
675 2741 807 2780 mea:
833 2725 1107 2794 petitionis
1133 2726 1297 2794 imple
1322 2726 1651 2781 mandatum.
1680 2727 1827 2783 Vade
1864 2745 2005 2783 nunc

425 2818 489 2872 ad
528 2818 933 2884 monasterium,
959 2815 1051 2871 Dei
1082 2831 1210 2885 pace
1248 2816 1606 2887 gubernatus;
1647 2833 1868 2874 recursu
1908 2834 2006 2873 au-

427 2924 530 2967 tem
568 2911 691 2965 anni
722 2910 1054 2965 advenientis
1092 2911 1281 2964 iterum
1305 2911 1427 2965 veni
1462 2912 1514 2965 in
1550 2911 1644 2966 illo
1674 2919 1929 2979 torrente,
1952 2913 2006 2967 in

424 3021 532 3075 quo
555 3014 727 3059 tecum
750 3019 867 3057 sum
893 3004 1255 3072 pr‘usalncuta.
1286 3003 1387 3056 Per
1409 3003 1587 3058 omnia
1629 3019 1733 3059 non
1766 3006 2002 3073 omittas,

422 3098 517 3151 sed
546 3107 765 3167 propter
795 3084 959 3149 Deum
991 3095 1110 3150 veni
1144 3112 1158 3147 :
1190 3105 1243 3148 et
1274 3094 1477 3149 videbis
1509 3110 1595 3150 me
1628 3095 1847 3163 iterum,
1879 3114 2007 3168 qua-

2106 1904 2482 1963 congrueutes,
2532 1893 2659 1948 fecit
2702 1892 2987 1962 sepultura:
3031 1892 3351 1960 orationem,
3381 1902 3433 1947 et
3473 1893 3682 1947 dicebat

2105 1982 2206 2036 sibi
2238 1982 2373 2051 ipsi:
2410 1983 2657 2037 Forsitan
2691 1998 2797 2036 non
2840 1982 3139 2052 complacet
3165 1993 3356 2037 Sancta:
3396 1986 3505 2037 Ιιςω
3543 1984 3678 2040 fieri.

2109 2075 2233 2128 llaec
2262 2090 2328 2129 eo
2356 2077 2647 2142 cogitante,
2691 2075 2962 2143 designata
2994 2075 3256 2144 scriptura
3286 2086 3400 2131 erat
3429 2079 3483 2130 in
3521 2087 3686 2139 terra,

2109 2168 2196 2225 ubi
2238 2168 2339 2222 hoc
2386 2167 2704 2237 legebatur:
2743 2186 2762 2220 ι
2788 2168 2998 2237 Sepeli,
3030 2168 3164 2223 abba
3208 2169 3439 2232 Zosima,
3482 2170 3692 2222 miserae

2108 2263 2285 2316 Maria:
2315 2262 2714 2330 corpusculum.
2759 2262 2941 2315 Redde
2982 2272 3138 2315 terras
3180 2262 3315 2332 (l5),
3359 2260 3499 2330 quod
3538 2276 3689 2315 suum

2104 2361 2217 2414 est,
2251 2358 2305 2405 et
2336 2351 2536 2419 pulveri
2576 2350 2749 2419 adjice
2777 2350 3073 2419 pulverem.
3102 2342 3439 2406 Ora’ta'ntum
3473 2367 3567 2419 pro
3608 2368 3692 2404 me

2108 2450 2322 2512 propter
2353 2442 2633 2496 Dominum
2665 2451 2973 2496 transeunte
3019 2458 3201 2496 mense
3247 2443 3523 2497 Parmotbi
3574 2442 3691 2512 (l4)

2105 2532 2401 2587 secundum
2451 2531 2772 2602 Aigypnos;
2813 2532 2902 2599 qui
2950 2540 3032 2585 est
3077 2534 3369 2587 secundum
3420 2533 3693 2588 Romanos

2107 2626 2304 2695 Aprilis
2332 2624 2420 2681 die
2469 2640 2630 2690 noua,
2681 2625 2730 2678 id
2776 2634 2892 2688 est,
2922 2640 2955 2677 v
2992 2624 3113 2680 ldus
3161 2627 3357 2694 Aprilis
3404 2626 3695 2681 salutilera:

2112 2719 2411 2790 passionis,
2443 2727 2564 2790 post
2606 2717 2802 2773 divinre
2832 2729 2886 2775 et
2925 2732 3093 2773 sacra:
3140 2732 3310 2774 coena:
3354 2719 3693 2774 communio-

2108 2824 2252 2865 nem.
2274 2827 2293 2861 ι

2177 2919 2308 2975 αλιι.
2331 2918 2518 2974 XXVI.
2545 2950 2614 2960 —
2644 2919 2752 2974 llas
2777 2935 2941 2976 senex
2963 2936 3083 2976 cum
3114 2920 3328 2993 legisset
3352 2923 3576 2987 litteras,
3606 2937 3696 2977 co-

2107 3012 2306 3081 gitabat
2330 3010 2546 3081 quidem
2580 3014 2728 3081 prius
2756 3013 2997 3082 quisnam
3029 3023 3171 3068 esset
3195 3014 3285 3082 qui
3316 3015 3531 3083 scripsit
3559 3032 3572 3067 :
3606 3015 3691 3069 illa

2110 3104 2255 3157 enim
2277 3147 2290 3171 ,
2326 3112 2386 3156 ut
2415 3102 2654 3168 dixerat,
2688 3103 2895 3159 litteras
2941 3105 3236 3173 ignorabat.
3268 3104 3324 3159 ln
3366 3105 3466 3159 hoc
3514 3115 3690 3159 tamen

426 3188 550 3242 liter
586 3187 730 3241 Dens
770 3186 1017 3240 voluerit.
1063 3184 1156 3239 Ille
1201 3192 1376 3238 autem
1429 3185 1706 3255 respondit
1743 3188 1810 3242 ad
1848 3204 1999 3243 eam:
2032 3172 2077 3234 (ἶ
2112 3194 2266 3248 valde
2294 3192 2571 3249 exsultans
2612 3194 2903 3262 gaudebat,
2934 3172 3056 3264 quia
3086 3193 3200 3263 ejus
3227 3205 3469 3250 sanctum
3514 3195 3697 3250 didic.t

429 3278 640 3334 Utinam
679 3287 824 3332 esset
861 3276 1117 3344 possibile
1154 3291 1293 3330 nunc
1333 3286 1419 3330 tua
1458 3279 1606 3347 sequi
1649 3279 1869 3350 vestigia
1895 3320 1909 3345 ,
1956 3290 2010 3336 et

424 3372 500 3425 tui
534 3369 901 3438 pretiosissimi
950 3368 1126 3424 vultus
1154 3369 1357 3423 visione
1386 3368 1514 3423 frui!
1552 3370 1683 3438 Oro,
1730 3380 1920 3437 mater,
1954 3382 2011 3426 ut

425 3473 587 3512 unam
620 3458 763 3513 senis
796 3458 1192 3525 petitiunculam
1222 3458 1403 3526 facias,
1436 3468 1491 3513 et
1520 3461 1786 3515 modicum
1817 3461 1921 3516 cibi
1943 3478 2008 3517 ex

424 3566 492 3604 eo
518 3549 658 3619 quod
685 3549 788 3604 huc
817 3549 992 3613 attuli,
1019 3549 1254 3618 digneris
1280 3549 1545 3618 accipere.
1577 3552 1640 3605 Et
1668 3552 1778 3607 haec
1802 3554 2008 3618 dicens,

427 3641 659 3697 nStendit
688 3641 738 3695 ei
768 3640 907 3710 quod
936 3654 1115 3696 secum
1150 3639 1412 3695 detulerat
1440 3643 1753 3697 canistrum.
1785 3645 1877 3698 llla
1917 3660 2010 3699 au-

427 3742 535 3785 tem
573 3732 828 3786 extremis
855 3731 1032 3800 digitis
1071 3730 1376 3786 lenticulam
1418 3735 1659 3802 contigit,
1689 3744 1743 3788 et
1775 3734 1871 3789 tria
1903 3737 2008 3789 tol-

430 3826 544 3877 lens
578 3837 740 3893 grana
775 3822 992 3891 preprio
1033 3821 1211 3876 intulit
1241 3822 1352 3887 ori,
1393 3822 1641 3879 sufficere
1671 3824 1855 3881 dicens
1894 3842 2012 3896 gra-

432 3920 556 3969 tiam
579 3914 832 3982 Spiritus,
868 3923 927 3968 ut
963 3913 1263 3968 custodiret
1304 3915 1497 3970 animas
1532 3916 1882 3974 substantiam
1914 3920 2013 3973 im-

433 4006 780 4061 maculatam.
830 4005 980 4059 Tunc
1017 4004 1149 4058 dicit
1186 4005 1299 4059 seni
1336 4023 1349 4057 :
1386 4008 1491 4061 Ora
1528 4022 1622 4077 pro
1662 4023 1748 4063 me
1798 4018 2014 4079 propter

434 4100 623 4162 Deum,
652 4108 707 4152 et
741 4112 874 4151 mea:
910 4112 1115 4152 memor
1143 4109 1261 4152 esto
1290 4114 1501 4168 semper
1543 4101 1889 4157 infelicitatis.
1922 4103 2013 4159 lllc

433 4189 594 4253 pedes
625 4188 740 4257 ejus
774 4197 991 4243 sanctos
1030 4190 1370 4259 contingens,
1416 4193 1574 4264 391
1606 4209 1728 4249 cum
1762 4197 2012 4267 lacrymis

433 4281 838 4350 deprecabatur,
867 4289 925 4334 ut
950 4292 1131 4335 oraret
1155 4297 1249 4351 pro
1274 4283 1536 4349 Ecclesia,
1561 4296 1613 4340 et
1639 4301 1735 4355 pro
1760 4288 2010 4357 imperio,

431 4383 485 4426 et
517 4387 611 4439 pro
637 4387 716 4437 se,
749 4380 804 4427 et
831 4372 909 4426 sic
937 4371 1138 4427 dimisit
1165 4389 1281 4428 eam
1323 4374 1473 4430 abire
1516 4377 1651 4433 flens
1688 4389 1743 4434 et
1782 4381 2009 4452 ejulans.

432 4465 548 4520 Non
577 4466 719 4520 enim
747 4458 977 4521 audebat
1006 4482 1124 4523 eam
1158 4469 1383 4523 multum
1427 4470 1688 4539 detinere,
1727 4491 1847 4544 qua:
1885 4493 2009 4545 nec,

434 4558 479 4611 si
512 4558 692 4617 vellet,
726 4567 931 4625 poterat
959 4558 1210 4614 detineri.

503 4650 633 4705 Car.
660 4648 845 4708 XXIII.
878 4680 945 4691 —
978 4652 1066 4706 Illa
1109 4660 1287 4709 autem
1333 4657 1504 4711 crucis
1546 4658 1738 4713 iterum
1784 4660 2012 4729 impres-

432 4743 583 4797 sione
620 4742 910 4799 Iordanem
958 4745 1196 4814 signans,
1242 4747 1479 4803 ascendit
1527 4750 1808 4807 ambulans
1852 4767 2015 4821 super

434 4833 693 4903 liquidum
725 4833 1084 4900 elementum,
1112 4844 1167 4889 et
1195 4837 1442 4891 transivit
1469 4838 1606 4894 sicut
1634 4851 1759 4896 ante
1796 4845 2016 4898 veniens

433 4923 653 4980 fecerat.
681 4925 858 4981 Senex
887 4933 1066 4980 autem
1096 4941 1341 4981 reversus
1371 4936 1455 4983 est
1480 4931 1673 4999 gaudio
1701 4941 1752 4986 et
1785 4942 2015 4989 tremore

438 5017 695 5086 repletus.
736 5017 801 5071 Et
839 5018 1190 5087 semetipsum
1236 5021 1694 5085 reprehendebat,
1730 5024 2015 5092 paenitens,

435 5111 557 5180 quia
589 5125 782 5165 nomen
819 5105 1017 5166 sancite
1062 5118 1119 5165 ut
1145 5125 1522 5181 cognosceret,
1558 5131 1661 5169 non
1706 5117 2014 5187 inquisivit;

436 5201 681 5269 sperabat
710 5208 884 5254 tamen
912 5201 1212 5257 advenienti
1240 5203 1340 5257 hoc
1364 5206 1620 5275 consequi
1644 5221 1801 5260 anno.

504 5288 635 5341 CAP.
663 5286 852 5340 XXIV.
877 5318 921 5328 -
965 5290 1255 5344 Transacto
1277 5300 1453 5347 autem
1477 5295 1665 5348 eodem
1689 5311 1814 5349 anm
1834 5311 2018 5363 cursu,

438 5381 583 5436 venit
612 5381 802 5434 iterum
841 5381 891 5435 in
925 5390 1127 5436 vastam
1158 5384 1357 5439 deserti
1384 5385 1757 5453 solitudinem,
1786 5390 2019 5457 expletis

437 5469 687 5525 otnuibus
737 5471 1031 5527 secundum
1087 5474 1563 5542 consuetudinem,
1620 5479 1904 5534 festinabat
1952 5481 2018 5534 ad

437 5562 725 5631 gloriosam
768 5561 911 5617 illam
960 5563 1219 5618 visionem
1267 5564 1598 5621 intuendam.
1632 5567 2018 5623 Perambulans

438 5665 617 5710 autem
658 5655 1031 5719 solitudinem,
1064 5664 1118 5710 et
1166 5671 1270 5710 nun
1318 5657 1600 5714 inveniens
1639 5659 1815 5729 aliqua
1856 5661 2019 5729 cupiti

442 5749 541 5802 loci
573 5746 862 5804 indicantia
904 5747 1075 5817 signa,
1106 5746 1289 5803 dextra
1326 5749 1561 5819 laevaque
1610 5750 1895 5819 aspiciens,
1932 5753 2015 5805 iu-

1570 6203 1845 6216 apud“...
1866 6207 2029 6215 Ah

2038 6212 2283 6226 αἰὼν
2288 6212 2423 6228 Α-ῌΑΛ

2116 3300 2332 3340 nomen.
2356 3285 2624 3355 Cogitavit
2650 3299 2780 3339 vero
2804 3284 2922 3353 quia
2947 3300 3071 3338 mox
3099 3293 3154 3339 ut
3179 3284 3359 3338 divina
3384 3285 3435 3338 in
3462 3284 3696 3343 10rdane

2113 3376 2367 3446 mysteria
2398 3375 2768 3445 participavit,
2796 3373 2851 3429 in
2882 3374 3068 3428 eadem
3098 3375 3230 3429 bora
3261 3376 3312 3428 in
3344 3375 3513 3429 locum
3545 3374 3689 3428 illum

2113 3470 2288 3531 venit,
2316 3467 2401 3521 ubi
2427 3482 2550 3521 mox
2572 3469 2638 3521 de
2666 3466 2769 3519 hoc
2793 3466 2996 3520 mundo
3020 3466 3301 3534 transivit,
3328 3477 3382 3521 et
3406 3469 3541 3521 idem
3568 3467 3691 3529 iter,

2110 3558 2250 3629 quod
2277 3558 2517 3612 Zositnas
2542 3572 2637 3625 per
2662 3558 2778 3612 dies
2809 3557 2991 3628 viginti
3021 3552 3301 3611 ambulatis
3329 3558 3415 3611 vix
3442 3571 3691 3611 consum-

2111 3654 2275 3706 mavit
2298 3652 2567 3715 laborans,
2592 3649 2751 3704 unius
2775 3651 2921 3703 liora:
2944 3663 3104 3703 cursu
3133 3648 3294 3702 Maria
3325 3648 3689 3716 consumpsit,

2111 3753 2167 3796 et
2205 3741 2382 3795 statim
2415 3739 2664 3809 migravit
2711 3738 2775 3792 ad
2828 3739 3128 3793 Dominum.
3158 3737 3475 3792 Gloritivans
3520 3746 3690 3791 autem

2115 3833 2359 3886 Zozimas
2393 3830 2706 3895 Dominum,
2747 3838 2801 3885 et
2830 3830 3076 3900 lacrymis
3115 3845 3313 3897 corpus
3354 3830 3470 3899 ejus
3520 3831 3694 3885 infun-

2113 3921 2246 3976 dens
2282 3938 2296 3974 :
2338 3919 2574 3988 Tempus
2629 3927 2746 3985 est,
2801 3919 3005 3989 inquit,
3057 3919 3219 3973 miser
3266 3919 3508 3984 Zosima,
3557 3925 3695 3990 quod

2115 4025 2262 4073 tuum
2285 4024 2398 4082 est,
2429 4014 2647 4083 perfice.
2675 4013 2778 4068 Sed
2803 4013 2929 4082 quid
2960 4011 3145 4068 faciam
3179 4012 3382 4077 infelix,
3405 4014 3523 4082 quia
3553 4014 3693 4066 unde

2116 4109 2300 4162 fodere
2330 4107 2536 4161 valeam
2557 4146 2572 4169 ,
2604 4121 2707 4160 non
2738 4105 2946 4162 habeo?
2974 4106 3132 4160 Deest
3154 4108 3452 4172 sarculum,
3483 4121 3587 4160 non
3616 4117 3698 4161 est

2117 4207 2375 4262 rastrum,
2405 4198 2643 4267 nihilque
2668 4212 2734 4252 ex
2774 4199 3020 4252 omnibus
3059 4198 3232 4252 habeo
3276 4214 3383 4266 pra:
3428 4199 3696 4253 manibus.

2118 4292 2243 4346 llaec
2272 4292 2363 4346 illo
2391 4291 2442 4345 in
2469 4290 2634 4345 corde
2664 4304 2763 4343 suo
2804 4289 3038 4357 dicente,
3069 4290 3205 4344 vidit
3232 4305 3452 4360 parvum
3495 4291 3697 4358 lignum

2117 4393 2173 4438 et
2198 4384 2464 4438 modicum
2500 4382 2723 4450 jacere:
2756 4380 2896 4448 quod
2945 4396 3245 4446 assumens,
3288 4380 3446 4447 carpit
3489 4380 3693 4433 fodere.

2123 4472 2286 4526 Valde
2312 4481 2490 4525 autem
2519 4470 2705 4524 durior
2731 4479 2846 4524 erat
2871 4479 3029 4535 terra,
3052 4480 3107 4526 et
3132 4472 3351 4526 multum
3380 4470 3695 4534 fortissima,

2044 4556 2096 4616 D
2121 4570 2175 4617 et
2203 4576 2535 4630 nequaquam
2581 4561 2790 4615 va‘ebat
2838 4560 3037 4627 fodere,
3079 4562 3197 4631 quia
3243 4571 3294 4615 et
3317 4559 3521 4631 jejunio
3560 4575 3700 4616 con-

2119 4650 2309 4715 fectus,
2338 4660 2393 4706 et
2422 4651 2565 4715 longi
2610 4650 2814 4705 itineris
2859 4650 3161 4720 fatigatione
3204 4652 3360 4705 nimis
3391 4658 3514 4705 erat
3543 4651 3701 4707 defe-

2120 4752 2262 4798 ctus.
2296 4743 2593 4798 Laborabat
2616 4743 2758 4797 enim
2777 4784 2792 4808 ,
2820 4753 2874 4800 et
2899 4746 3145 4814 suspiriis
3173 4746 3352 4799 nimiis
3382 4745 3697 4814 urgebatur,

2119 4843 2174 4888 et
2202 4833 2489 4888 sudoribus
2533 4834 2884 4899 madefactus,
2916 4834 3172 4903 ingemuit
3215 4834 3450 4904 graviter
3491 4850 3557 4888 ex
3590 4839 3706 4903 ipso

2120 4926 2297 4981 cordis
2347 4926 2430 4981 sui
2482 4926 2765 4995 profundo.
2814 4925 2884 4979 Et
2930 4925 3246 4993 reSpit-iens,
3291 4925 3424 4979 vidit
3476 4927 3706 4993 ingentis

2122 5020 2310 5074 formae
2342 5019 2549 5072 leonem
2575 5016 2726 5087 juxta
2769 5032 2965 5084 corpus
2988 5026 3188 5071 sancite
3216 5026 3475 5079 stantem,
3506 5029 3558 5071 et
3586 5020 3707 5088 ejus

2124 5112 2331 5180 plantas
2372 5111 2715 5165 lambentem.
2750 5109 2951 5164 Videns
2993 5123 3206 5171 autem,
3241 5119 3565 5165 contremuit
3599 5126 3709 5178 prae

2126 5219 2321 5271 pavore
2348 5204 2719 5273 grandissimas
2766 5200 2897 5258 fera:
2939 5201 3102 5266 illius,
3140 5203 3411 5269 prmcipue
3453 5203 3576 5271 quia
3604 5217 3706 5255 au-

2124 5298 2297 5353 dierat
2334 5305 2571 5351 sanctam
2620 5295 2869 5349 feminam
2913 5294 3058 5348 illam
3091 5291 3358 5348 dicentem
3404 5293 3524 5362 quia
3575 5308 3713 5345 nuu-

2125 5404 2282 5458 quam
2315 5387 2545 5457 aliquam
2579 5387 2741 5439 feram
2770 5385 2993 5439 viderat.
3028 5384 3193 5451 Signo
3232 5391 3413 5437 autem
3446 5398 3506 5436 se
3534 5385 3711 5436 crucis

2125 5480 2463 5534 confirmavit
2506 5478 2740 5544 undique
2771 5475 2998 5530 credens
3024 5475 3145 5544 quia
3181 5474 3405 5527 illaesum
3435 5475 3709 5527 custodire

2126 5571 2268 5637 valet
2298 5584 2421 5622 eum
2449 5567 2619 5620 virtus
2660 5566 2910 5633 jacentis.
2941 5565 3050 5618 Leo
3080 5574 3258 5618 autem
3289 5566 3453 5631 cmpit
3484 5566 3707 5618 innuere

2124 5661 2269 5725 seni,
2306 5658 2514 5713 blandis
2543 5675 2665 5713 cum
2698 5658 2912 5712 nutibus
2952 5655 3211 5710 salutans.
3257 5654 3499 5709 Zozimas
3529 5665 3706 5708 autem

2127 5751 2256 5807 dixit
2290 5750 2429 5807 leoni
2457 5767 2469 5803 :
2499 5749 2759 5815 Quoniam
2788 5762 2817 5803 a
2863 5749 2972 5805 Deo
3002 5749 3194 5803 missus
3223 5747 3438 5815 venisti,
3482 5751 3710 5829 maxime
